1653 2656
715 151 755 154 -«-
807 131 871 166 191
926 152 968 156 —

407 226 442 259 6.
468 227 524 259 Fit
550 227 640 259 cibus
667 228 794 267 caedes,
822 230 950 269 sanguis
977 228 1075 269 fitque
1101 235 1206 271 potus,

463 274 589 316 Turget
615 280 648 307 et
673 277 764 308 alvus
791 275 921 309 feritate
947 278 1015 315 tali.

461 323 530 363 Quo
557 333 669 364 mensa
696 329 792 365 caput
817 325 980 365 gluviosus
1009 327 1092 358 edax

522 372 614 404 Petat
641 373 789 407 insontis,

405 467 436 500 7.
465 468 618 501 Sanctum
644 479 703 502 nec
728 472 834 504 audax
861 472 981 504 veritus
1008 477 1055 503 est
1083 473 1190 513 iudex,

463 515 587 557 Impius
612 519 699 558 pium
726 520 881 559 perdidit,
908 520 965 552 sed
992 525 1097 553 vatem

461 563 589 597 Struma
615 568 755 608 tyranni,
782 568 884 600 iustus
910 569 1019 608 sicque
1046 569 1119 600 tulit

521 613 651 646 Crimen
679 616 789 656 iniqui.

403 709 436 744 8.
463 709 561 742 Haud
588 711 679 743 timet
706 712 822 744 effrons
850 712 994 745 carnifex
1022 718 1052 744 et
1079 724 1198 753 amens,

463 759 557 798 Agile
585 761 703 792 scindit
733 760 909 793 furibunda
932 766 1042 802 guttur

458 805 628 839 Frameam
657 818 752 840 manu
778 809 907 841 vibrans
933 815 1029 850 atque
1055 810 1179 850 liquens

518 854 653 888 Gelidos
679 861 777 889 artus.

400 950 433 983 9.
460 951 589 984 Occidit
615 953 713 984 saecli
740 953 843 993 iubar,
872 958 902 984 et
931 963 1080 986 coruscus

460 999 624 1039 Splendor
650 1001 796 1042 polorum
823 1002 925 1042 pallet
952 1006 983 1033 et
1010 1002 1173 1043 nigrescit,

461 1047 583 1080 Lactea
610 1049 740 1081 Phoebe
767 1050 935 1090 clipsatur‚
964 1055 993 1080 et
1021 1051 1111 1082 sidus

518 1095 652 1136 Squalet
678 1106 823 1137 opacum.

377 1192 438 1228 10.
462 1193 530 1225 Iam
557 1193 631 1224 silet
658 1194 791 1225 verbum
818 1194 909 1226 verbi
937 1204 1061 1234 voxque
1087 1198 1174 1227 tacet

457 1241 672 1273 Altitonantis
698 1242 886 1282 praeviique
914 1252 1022 1282 sonus,

456 1289 567 1321 Tubae
594 1290 773 1331 clangentis
799 1291 918 1322 iubilus
946 1291 1115 1332 sordescit,

514 1338 621 1379 Lyrae
649 1339 808 1370 caelestis,
1154 1342 1155 1345 ’

375 1435 431 1468 11,
457 1435 542 1472 Tibi,
572 1444 629 1466 rex
658 1436 795 1475 Christe,
825 1437 922 1468 decus
949 1442 979 1467 et
1005 1441 1158 1477 potestas,

456 1484 570 1516 Honor
597 1489 629 1516 et
655 1485 756 1517 virtus
782 1485 886 1525 sitque
912 1486 1010 1526 patri,
1038 1494 1107 1517 cum
1136 1494 1198 1525 quo

456 1531 592 1572 Semper
618 1536 650 1564 et
675 1536 787 1565 sancto
812 1532 940 1565 flamine
967 1542 1026 1574 per
1053 1538 1167 1565 cuncta

513 1580 651 1612 Saecula
677 1590 824 1621 regnans.

248 1675 335 1704 Cant.
359 1685 411 1703 ms.
426 1677 616 1704 Franciscan.
639 1686 715 1705 saec.
739 1676 782 1705 15.
805 1678 875 1706 Cod.
898 1679 1042 1706 Marcian.
1064 1679 1099 1706 [t.
1121 1679 1164 1706 IX
1188 1677 1250 1705 145.
1266 1693 1304 1696 —
1318 1677 1344 1711 4,
1370 1677 1497 1705 lhiuter

166 1714 242 1742 ustw
266 1714 639 1751 „veltalio“.—-‚Jn
662 1718 853 1744 muozIste
880 1715 1107 1744 confesson“

512 1878 579 1910 323.
620 1879 656 1910 In
678 1879 893 1911 Decollatione
916 1888 940 1910 s.
962 1879 1108 1911 Iohannis
1131 1880 1163 1910 B.

713 1960 763 1988 Ad
790 1961 949 1988 Laudes.

400 2058 431 2093 1.
458 2059 562 2099 Perge
588 2058 663 2101 iam,
690 2062 795 2099 pater,
823 2059 977 2090 visiturus
1005 2067 1103 2098 perge

454 2107 599 2139 Turbam
626 2107 794 2148 lugubrem
822 2111 853 2138 et
878 2116 971 2147 quem
997 2107 1184 2147 prodidisti,

454 2155 557 2188 Nobis
584 2157 720 2188 ostende
746 2155 894 2197 patribus
921 2159 953 2186 et
978 2155 1042 2187 illis

511 2204 633 2238 Christi
658 2204 868 2245 triumphum.

397 2302 430 2335 2.
457 2300 613 2341 Propera,
642 2309 771 2344 praeco,
799 2303 1028 2342 percunctatus
1057 2300 1122 2341 diu,

453 2349 609 2381 Praevius
637 2349 712 2381 belli
741 2349 853 2381 nuntia
878 2352 1046 2388 tropaeum

453 2396 560 2436 Specu
586 2397 732 2438 ploratus
759 2402 789 2429 et
816 2397 922 2429 solare
949 2398 1053 2438 plebis

416 2434 429 2450 ⁹
514 2446 634 2478 Taetro
662 2447 818 2488 degentis.
