1653 2656
789 169 858 204 220

623 264 690 294 368.
732 263 773 294 De
794 263 902 293 saneto
923 261 1032 292 Leone.

689 314 736 341 Ad
767 313 960 349 Vesperas.

173 389 208 420 1.
236 386 309 425 Leo,
337 395 420 425 papa
446 385 671 421 Romanorum,

282 432 416 467 Gemma
444 433 675 472 episcoporum.

235 482 381 514 Gentium
407 488 517 520 pastor
543 484 736 519 cunctarum,

280 529 447 569 Speculum
474 528 686 568 sacerdotum,

234 578 283 610 Sis
308 578 501 608 intercessor
526 584 584 615 pro
610 575 700 606 nobis

278 625 329 657 Ad
357 625 458 656 Deum
485 623 681 655 miserrimis.

235 703 314 734 Ave.
342 710 426 741 papa
450 700 627 738 mitissime,

282 751 360 781 Ave.
389 748 660 788 splendidissime,

234 799 314 834 Ave,
342 796 469 828 Domini
495 796 626 833 athleta,

283 843 506 877 Confessorum
533 843 658 883 agmina

235 894 294 932 Qui
320 893 404 923 inter
429 896 611 924 sanctorum
639 899 729 921 sacra

283 940 420 980 Fulgens
446 943 481 970 ut
506 939 553 970 sol
579 943 610 969 et
636 939 721 970 luna.

241 1017 265 1048 Ο
291 1021 474 1047 cunctorum
500 1014 557 1046 flos
583 1015 776 1054 praesulum,

282 1064 372 1095 Mitis
399 1067 509 1102 pastor
535 1063 651 1095 ovium.

236 1111 441 1142 Peccatorum
468 1111 655 1142 consolator.

287 1158 426 1190 Plebium
454 1158 667 1197 praedicator,

239 1206 340 1237 verae
367 1206 440 1237 tidei
465 1205 609 1237 omnibus

283 1254 347 1286 Ora
372 1263 430 1292 pro
457 1252 643 1285 cultoribus.

858 383 890 414 4.

861 1015 892 1046 6.

918 380 1034 413 Inclite
1060 388 1155 421 papa,
1184 377 1303 418 populo

968 429 1083 461 Preces
1112 426 1211 458 funde
1237 434 1296 466 pro
1322 429 1448 462 cuncto,

921 477 963 509 Ut
990 481 1044 508 tua
1070 475 1225 516 petitione

969 524 1035 556 Nos
1059 527 1209 555 aeternus
1235 520 1382 562 pontifex

919 572 1080 613 Expiatos
1106 581 1126 603 a
1150 570 1292 611 peccatis

970 620 1083 660 Iungat
1108 618 1251 651 coetibus
1277 618 1380 649 almis.

921 697 1113 730 cunctarum
1140 695 1278 736 urbium,
1309 694 1418 733 Roma,

969 745 1013 777 Ut
1038 745 1086 776 sol
1112 743 1322 781 lucidissima,

919 793 1006 833 Quae
1032 792 1181 824 doctrina
1206 800 1240 822 es
1266 794 1380 822 ornata

968 841 1063 872 Tanti
1089 839 1245 880 principis
1273 847 1365 870 sacra

922 889 963 920 Et
991 888 1188 920 fecunditate
1213 887 1287 919 talis

970 937 1014 968 Es
1041 936 1165 976 repleta
1191 934 1344 974 corporis.

920 1013 1098 1053 Exsultate,
1127 1016 1215 1043 astra
1240 1011 1316 1051 poli,

972 1061 1119 1099 Laetare,
1146 1061 1262 1091 domna
1289 1059 1378 1090 caeli.

921 1108 1259 1147 Arcliangelorumque
1286 1107 1385 1138 chori.

971 1156 1046 1187 Cum
1074 1155 1193 1186 sanctis
1219 1154 1381 1186 laetamini

922 1204 969 1235 De
995 1207 1084 1235 tauta
1109 1202 1308 1234 iucunditate

969 1251 1104 1282 Animae
1130 1250 1358 1283 sanctissimae,

567 1330 596 1361 7.
624 1329 766 1360 Gloriam
793 1329 878 1367 patri
903 1328 1032 1359 vocibus

670 1375 808 1407 Melodis
833 1384 1050 1415 personemus,

623 1423 764 1455 Gloriam
793 1423 921 1454 Christo
948 1432 1107 1459 canamus.

670 1471 812 1502 Gloriam
839 1471 1004 1510 paraclito.

621 1519 680 1558 Qui
707 1520 809 1550 trinus
836 1522 867 1550 et
892 1528 972 1550 unus
1001 1519 1084 1550 Deus

673 1567 787 1598 Exstat
813 1571 886 1598 ante
912 1567 1049 1598 saecula.

254 1645 338 1671 Brev.
363 1653 413 1670 ms.
435 1644 582 1670 Romarici
604 1643 712 1669 Montis
734 1650 809 1668 saec.
827 1641 869 1669 16.
886 1642 954 1669 eod.
970 1642 1132 1678 Spinalien.
1150 1640 1204 1668 164
1217 1639 1282 1673 (77).
1298 1642 1332 1667 Α.
1348 1655 1384 1659 -
1400 1641 1493 1676 Hym-

179 1690 244 1709 nar.
267 1691 316 1708 ms.
340 1683 486 1708 Romarici
509 1682 617 1707 Montis
640 1689 715 1707 saec.
740 1679 782 1707 15.
805 1681 875 1708 Cod.
898 1681 1060 1716 Spinalieu.
1085 1679 1138 1707 194
1157 1678 1224 1711 (86).
1247 1680 1279 1706 B.
1303 1695 1338 1699 —
1360 1678 1385 1711 5,
1407 1677 1425 1706 2
1447 1680 1490 1706 sol

180 1721 351 1748 felicissima
379 1721 410 1746 A.
436 1734 470 1737 —
493 1719 518 1750 5,
548 1719 566 1746 4
587 1719 734 1754 Principis
756 1720 832 1746 tanti
853 1719 885 1746 Β.
909 1734 943 1737 -
965 1717 991 1747 6,
1013 1717 1031 1745 3
1052 1727 1108 1753 que
1129 1718 1201 1746 fehlt
1223 1719 1255 1744 Β.
1278 1733 1313 1737 --
1335 1717 1360 1749 7,
1386 1717 1398 1744 l
1422 1717 1492 1746 Glo-

182 1761 226 1786 ria
248 1760 278 1786 B.
299 1772 335 1776 —
357 1757 382 1789 7,
403 1757 420 1784 4
442 1758 590 1793 paracleto
611 1758 644 1783 A.

623 1840 689 1870 369.
731 1840 771 1870 De
795 1842 902 1870 sancto
925 1839 1044 1870 Leucio.

695 1890 744 1916 Ad
773 1890 966 1926 Vesperas.

181 1963 209 1993 1.
237 1961 354 2001 Optata
380 1960 447 1992 dies
475 1960 605 1991 advenit

237 2009 411 2040 Exsultans
436 2008 468 2039 in
496 2007 630 2044 deliciis,

235 2058 303 2097 Qua
329 2056 513 2096 patriarcha
539 2056 675 2087 Leucius

236 2105 354 2136 Laetus
380 2104 495 2144 migrat
521 2104 562 2135 ad
588 2103 769 2135 Dominum.

237 2182 298 2214 Hic
323 2181 427 2212 clarus
453 2182 537 2213 vitae
563 2180 684 2212 meritis

236 2228 408 2269 Refulgens
433 2233 465 2260 et
490 2229 663 2267 miraculis,

235 2277 340 2308 Pulsis
365 2277 477 2317 procul
503 2276 665 2308 erroribus

235 2325 365 2357 Plebem
392 2325 477 2356 lavat
503 2325 706 2366 baptismate.

863 1961 895 1991 3.
925 1959 1100 2000 Praecepta
1126 1959 1245 1990 Christi
1271 1960 1464 1999 praedicans

924 2007 965 2038 Et
992 2007 1161 2038 sanctitate
1188 2007 1319 2039 radians

923 2054 1085 2086 Medelam
1112 2054 1237 2086 confert
1263 2055 1435 2098 languidis,

925 2102 1065 2134 Functus
1090 2103 1132 2134 ad
1159 2103 1255 2134 vitam
1284 2108 1423 2136 revocat.

921 2178 1044 2218 Gaude,
1071 2179 1254 2212 Brundusia
1279 2180 1371 2220 polis,

921 2227 1033 2260 Tantis
1058 2231 1172 2260 ornata
1197 2228 1309 2267 titulis,

921 2275 986 2308 Sed
1013 2275 1131 2315 clarior
1156 2277 1307 2308 eximium

922 2324 1095 2356 Pati-onum
1125 2324 1246 2357 habens
1273 2326 1437 2359 Leucium.

582 2405 612 2434 5.
641 2401 753 2433 Gloria
777 2401 848 2442 tibi,
875 2401 1020 2433 Domine.

252 2477 355 2506 Officia
377 2487 414 2505 ss.
437 2478 631 2506 Pati-enorum
652 2478 795 2505 ecclesiae
819 2477 1025 2505 Brundusinae
1046 2479 1113 2514 imp.
1136 2479 1247 2508 Rornae
1271 2477 1382 2515 1583:
