1653 2656
725 150 982 186 —180—

203 260 239 292 3.
268 257 360 290 Caeci
386 258 516 295 recepto
540 253 668 291 lumine,

263 305 376 338 Claudi
403 302 525 336 redacti
551 300 684 342 gressui,

263 354 346 386 Dum
373 353 457 384 vitae
484 351 601 382 dantur
626 347 751 387 mortui,

264 402 389 434 Fantur
415 400 474 432 Dei
500 397 668 438 magnalia.

888 249 920 280 4.
947 244 1108 278 Mirandis
1135 243 1184 275 his
1208 241 1365 282 prodigiis

949 293 1090 326 lacintus
1116 293 1226 323 vivens
1252 289 1366 322 cIaruit

949 342 992 374 Et
1017 341 1089 373 aliis
1114 347 1208 380 quum
1233 337 1380 378 plurimis

952 390 1029 422 Post
1053 392 1187 420 mortem
1212 387 1284 427 plus
1301 383 1513 424 resplenduit.

560 497 592 526 5.
618 493 759 532 Agamus
786 485 918 522 Christo
944 485 1078 527 gloriam

625 541 687 572 Pro
711 537 792 570 tanti
818 535 920 568 sancti
946 533 1099 573 moribus,

625 587 684 627 Qui
709 594 766 616 nos
790 584 832 616 ad
858 582 938 615 caeli
965 581 1084 612 curiam

627 634 791 667 Conducat
816 631 882 663 eius
908 629 1069 671 precibus.

286 735 368 761 Miss.
391 732 583 759 Cracoviense
605 731 672 764 imp.
696 727 855 754 cracoviae
886 723 966 752 1545.
993 738 1031 743 -
1056 723 1097 748 Zu
1122 721 1178 748 den
1208 720 1264 748 Str.
1285 717 1302 746 2
1329 719 1388 746 und
1416 716 1434 744 3
1462 716 1522 752 vgl.

209 774 257 800 ΝΥ.
279 771 346 800 305,
370 774 426 798 ΜΓ.
448 768 465 796 2
487 769 543 796 und
566 767 591 794 4.

627 918 696 947 309.
738 917 779 946 De
801 923 824 946 s.
846 915 956 946 Iacobo
979 912 1103 944 Maiore.

216 1014 244 1045 1.
272 1012 423 1044 Exsultet
449 1009 569 1040 caeluni
596 1007 755 1045 laudibus,
897 1007 927 1037 5.

272 1060 353 1091 Nam
380 1057 514 1089 Iacobus
540 1055 704 1095 apostolus

273 1107 395 1138 Ferens
421 1105 557 1144 palmam
584 1102 737 1134 victoriae

274 1154 385 1186 Adivit
412 1161 516 1191 regem
543 1150 674 1190 gloriae.

218 1252 250 1283 2.
278 1250 339 1282 Hic
366 1249 396 1278 in
424 1247 541 1279 Iudaea
568 1244 744 1284 praedica-t,
902 1243 932 1274 6.

278 1297 491 1334 Hermagoras
517 1293 600 1324 hunc
626 1291 768 1328 insultat,

280 1344 376 1375 Falsa
402 1340 523 1382 profari
551 1340 700 1371 Iacobum

282 1390 461 1423 Demandat
487 1397 545 1428 per
571 1387 772 1428 discipulum.

222 1491 252 1520 3.
280 1487 423 1519 Philetus
450 1483 555 1515 verbis
581 1482 735 1519 saeviens,
906 1482 936 1514 7,

281 1535 344 1567 Sed
372 1532 489 1565 Christi
523 1531 670 1562 virtutem
702 1537 843 1567 cernens,

281 1584 367 1622 Quae
393 1580 511 1611 fiebant
537 1587 595 1619 per
620 1577 808 1616 apostolum⁷

282 1631 359 1662 Mox
387 1627 563 1659 immutavit
591 1625 748 1656 animum:

222 1729 254 1759 4.
281 1727 377 1758 Pater
401 1723 593 1759 beatissime,
905 1719 936 1751 8¹

285 1773 380 1805 Salva
404 1779 454 1802 me
480 1775 534 1801 tua
559 1777 663 1808 prece,

283 1820 414 1854 Festina
439 1827 488 1849 me
514 1817 680 1856 baptizare

282 1869 322 1901 Et
351 1867 401 1899 fac
426 1875 476 1897 me
502 1865 660 1897 Christum
688 1862 830 1894 credere.

299 1963 384 1990 Brev.
412 1970 464 1988 ms.
490 1960 637 1995 Pragense
659 1966 736 1984 saec.
761 1955 804 1984 15.
827 1956 895 1983 Cod.
917 1956 1013 1991 Capit.
1035 1955 1159 1990 Pragen.
1181 1955 1205 1981 O
1227 1952 1272 1982 83.
1294 1970 1331 1974 —
1353 1954 1385 1987 2,

651 1995 669 2023 2
689 1997 827 2023 virtutem
847 1998 917 2022 tunc
938 2002 1068 2021 cernens·
1085 2008 1119 2013 —
1141 1991 1165 2025 5,
1188 1992 1206 2020 4
1222 1993 1398 2020 exclamant.
1413 2008 1449 2011 ——
1470 1992 1495 2026 6,
1517 1992 1536 2020 4

224 2006 251 2030 et
272 2010 374 2037 magos
396 1999 527 2027 insultat.
541 2012 578 2016 —
603 1996 628 2029 3,

223 2042 294 2068 Tuis
315 2040 458 2073 vestigiis.

956 1003 1055 1034 Iosias
1082 1006 1158 1033 tunc
1184 998 1381 1035 incredulus,

956 1051 1034 1082 Cum
1059 1058 1188 1089 aegrum
1215 1050 1306 1078 sanat
1333 1043 1481 1084 Iacobus,

955 1098 1136 1130 Prostravit
1161 1105 1195 1127 se
1220 1093 1366 1134 apostolo

956 1145 1008 1177 Sic
1034 1145 1215 1176 exclamans
1242 1144 1274 1173 in
1300 1140 1403 1172 bivio:

961 1241 1127 1281 Miserere,
1155 1239 1334 1275 miserator,

960 1288 1041 1327 Quia
1066 1295 1140 1319 vere
1166 1295 1234 1318 sum
1259 1287 1422 1324 peccator,

961 1336 1080 1375 Recipe
1106 1343 1155 1366 me
1180 1333 1406 1373 paenitentem,

964 1383 1114 1423 Vestigiis
1139 1382 1370 1413 inhaerentem.

963 1478 1010 1511 Ob
1036 1478 1096 1509 hoc
1122 1477 1268 1508 Herodes
1293 1475 1410 1515 impius

962 1527 1005 1558 Et
1030 1525 1189 1557 Abiathar
1214 1524 1418 1556 saevissimus

965 1575 1089 1606 Necant
1114 1576 1257 1604 sanctum
1284 1575 1386 1602 morte
1413 1570 1496 1613 dira,

965 1622 1017 1654 Sic
1043 1621 1169 1653 vehitur
1194 1620 1235 1652 ad
1261 1619 1388 1659 gaudia.

963 1718 1048 1750 Laus
1074 1717 1159 1756 patri
1186 1716 1227 1747 sit
1253 1714 1395 1755 ingenito

964 1766 1104 1804 Eiusque
1128 1764 1302 1804 unigenito,

967 1813 1051 1844 Laus
1077 1813 1118 1844 sit
1143 1817 1253 1843 sancto
1279 1811 1406 1852 spiritui

966 1861 1064 1892 Trino
1090 1860 1158 1892 Deo
1185 1864 1214 1891 et
1240 1859 1391 1900 simplici.

1414 1953 1431 1981 2
1455 1955 1534 1982 Hinc

642 2157 703 2188 310.
744 2157 786 2187 De
808 2163 832 2186 s.
854 2154 962 2185 Iacobo
983 2152 1108 2184 Maiore.

750 2217 775 2244 A
781 2216 799 2243 d
820 2215 846 2242 V
853 2223 869 2242 e
875 2223 888 2242 s
896 2223 914 2250 p
921 2223 936 2242 e
943 2223 956 2241 r
965 2222 981 2241 a
989 2223 1010 2241 s.

231 2311 260 2342 1.
288 2309 375 2342 Caeli
400 2316 505 2347 regem
532 2305 760 2347 collaudemus,

287 2357 346 2397 Qui
372 2355 468 2388 fidem
494 2354 614 2389 Christi
639 2358 782 2386 tenemus

287 2406 331 2438 Et
356 2404 464 2436 Iacobi
489 2402 656 2436 sollemnia

289 2454 438 2486 Colamus
463 2451 619 2484 natalitia.

910 2303 941 2334 2.
970 2302 1143 2342 Apostolus
1169 2302 1220 2334 hic
1245 2301 1363 2334 nobilis

968 2350 1038 2382 Deo
1064 2348 1124 2381 fuit
1148 2350 1308 2389 amabilis,

971 2398 1067 2431 Ortus
1093 2398 1214 2432 Christi
1240 2399 1392 2438 prosapia

971 2446 1151 2486 Plenusqne
1178 2447 1238 2478 Dei
1265 2447 1381 2487 gratia.
