1653 2656
684 118 941 153 —240—

551 211 618 243 399.
660 212 701 242 De
722 219 747 242 s.
769 211 872 243 Maria
892 209 1090 250 magdalena.

691 272 740 300 Ad
762 272 924 299 Laudes.

173 362 204 394 1.
230 361 283 393 Ad
309 361 406 400 pedes
433 360 552 392 Christi
580 360 723 391 residens
855 362 886 393 2.
912 359 1015 391 Audit
1043 359 1201 392 dicentem
1228 357 1416 412 Dominum:

229 409 272 441 Et
299 408 429 440 verbum
455 408 540 440 vitae
569 408 702 440 audiens
914 408 1018 441 Unum
1047 411 1097 439 est
1122 415 1345 447 necessarlum,

228 456 333 488 Maria
359 456 464 488 cordis
490 456 603 487 intima
914 455 1023 496 Elegit
1050 462 1173 496 partem
1199 454 1316 495 sobrie,

230 505 377 537 Indulcat
403 503 522 536 Christi
547 504 661 544 gratia.
913 503 1012 542 Quam
1038 513 1100 535 non
1126 503 1228 544 quibit
1253 501 1411 534 amittere.

517 600 548 631 3.
575 598 672 637 Deus,
699 598 824 630 Mariae
849 598 998 637 precibus

582 646 648 678 Nos
675 654 795 678 exorna
820 646 1002 687 virtutibus,

582 694 625 726 Ut
652 694 812 726 valeamus
839 693 909 725 fieri

585 742 688 773 Partis
714 742 799 773 illius
823 742 912 774 socii.

230 835 350 899 Cffllect.
371 845 422 862 ms.
445 836 675 862 Geinmeticense
698 844 773 862 saec.
797 834 840 863 10.
863 837 902 862 in.
920 836 990 863 Cod.
1007 837 1196 871 Rotoniagen.
1218 834 1254 862 26
1266 834 1302 868 (Α
1317 833 1384 868 292)
1403 834 1470 861 add.

153 882 226 900 saec.
267 876 293 899 ⁴..

536 985 607 1016 400.
650 986 691 1016 De
713 994 737 1016 s.
759 985 859 1016 Maria
880 985 1076 1025 Magdalena.

699 1046 747 1072 Ad
770 1046 935 1074 Primam.

169 1132 199 1164 1.
226 1130 416 1170 Exemplum
442 1131 655 1170 paenitentiae
852 1135 882 1165 2.
911 1134 994 1172 Quae
1022 1132 1103 1164 fudit
1130 1133 1264 1165 nardum
1290 1134 1439 1173 pisticum

227 1178 311 1209 Deus
338 1179 447 1209 volens
474 1179 642 1210 ostendere
910 1180 1012 1220 Super
1039 1186 1133 1220 caput
1160 1182 1406 1222 sanctissimum,

227 1225 323 1256 Dedit
351 1226 473 1257 Mariae
499 1227 621 1257 veniam
907 1229 994 1260 Odor
1019 1229 1103 1260 unde
1129 1233 1297 1261 nectareus

229 1273 432 1304 Peccatorum
458 1274 686 1308 multimodam.
909 1276 1023 1308 Statim
1050 1275 1205 1316 fragravit
1230 1278 1387 1310 omnibus.

467 1372 497 1401 3.
527 1370 587 1401 Per
613 1371 700 1400 cuius
726 1380 871 1410 magnum
898 1372 1057 1412 meritum⁷

525 1417 660 1449 Christe.
687 1418 827 1449 salvator
852 1419 1003 1455 omnium,

522 1464 597 1501 Fac,
625 1465 665 1496 sit
690 1465 721 1496 in
749 1467 864 1497 nostris
892 1468 1050 1498 mentibus

523 1512 638 1544 Unctio
664 1514 766 1544 saneti
793 1514 935 1553 spiritus.

230 1604 348 1670 Cugect.
370 1615 420 1632 ms.
436 1607 664 1633 Gemuit-ticense
687 1617 762 1635 saec.
788 1608 830 1635 10.
853 1610 891 1636 in.
907 1610 976 1637 eod.
996 1612 1188 1648 Rotomagen.
1211 1611 1248 1639 ⁸26
1261 1614 1298 1645 (A
1316 1612 1384 1648 292)
1398 1615 1464 1642 add.

156 1651 230 1670 saeC.
292 1664 296 1669 .

533 1755 598 1786 401.
640 1757 681 1786 De
704 1765 726 1786 s.
748 1757 846 1788 Maria
871 1758 1064 1798 Magdalena.

686 1817 733 1843 Ad
755 1819 928 1845 Tertiam.

168 1902 197 1934 1.
225 1901 382 1943 Marthae,
411 1901 534 1933 Mariae
560 1902 686 1934 fletibus
846 1907 876 1939 2.
904 1907 1025 1938 Harum
1051 1914 1195 1949 precatu,
1223 1911 1369 1956 Domine,

226 1949 302 1981 Mox
328 1953 361 1980 ut
387 1950 549 1989 praecepit
577 1950 741 1991 Dominus,
906 1954 1050 1987 Clemens
1077 1966 1094 1988 e
1120 1962 1222 1989 morte
1247 1960 1374 1992 animae

225 1997 332 2037 Surgit
358 2006 376 2029 a
401 2002 503 2029 morte
528 1998 679 2037 Lazarus,
907 2002 1047 2042 Dignare
1073 2014 1130 2036 nos
1156 2014 1268 2038 eruere

222 2045 321 2076 Vivus
349 2045 443 2077 datur
468 2046 641 2079 sororibus.
909 2050 1060 2083 Reddens
1087 2053 1172 2085 vitae
1197 2059 1382 2099 perpetuae,

486 2143 517 2174 3.
545 2143 589 2176 Ut
615 2143 739 2175 Mariae
766 2144 903 2188 dilectio,

551 2191 619 2229 Qua
645 2194 676 2222 te
703 2192 815 2224 dilexit
841 2194 956 2236 animo,

550 2239 586 2269 In
612 2239 703 2270 nobis
730 2249 856 2280 semper
882 2241 1005 2275 ferveat

548 2286 610 2318 Hic
637 2292 667 2319 et
693 2297 752 2327 per
777 2292 890 2321 cuncta
917 2293 1053 2325 saecula.

169 2418 205 2444 dd
226 2380 430 2446 Collecti2ms.
456 2382 688 2410 Gemmeticense
714 2392 789 2411 saec.
814 2383 862 2412 10.
889 2387 929 2412 in.
956 2385 1027 2414 Cod.
1054 2389 1243 2428 Rotomagen.
1271 2391 1308 2421 26
1328 2395 1364 2427 (A
1393 2394 1466 2430 292>

151 2426 168 2445 a
210 2439 215 2444 -
237 2427 312 2446 Saec.
374 2439 380 2445 .
