1653 2656
726 167 980 203 —198—

607 264 674 296 333.
716 263 757 294 De
779 270 803 293 s,
825 260 961 292 Iohanne
983 258 1105 298 Evang-

666 323 717 352 Ad
744 321 1047 357 Completoriurn.

205 413 236 444 1.
265 409 430 447 lohanne5‚
457 406 497 438 ad
525 403 673 436 caelestia
887 402 919 433 5.
946 398 1114 439 lohannes,
1141 403 1269 436 semper
1295 393 1441 434 cupimus

264 457 381 488 volens
408 459 439 486 te
465 455 554 486 lesus
582 452 708 488 ducere,
947 447 1093 486 Accepta
1119 443 1178 475 tibi
1205 442 1324 484 facere,

264 505 339 537 Cum
366 503 453 534 nulla
478 506 509 533 te
534 499 679 532 molestia
950 494 1005 527 Sic
1029 501 1138 525 servos
1164 495 1234 523 tuos
1259 490 1398 530 petimus

264 553 368 585 Vitam
393 549 468 581 fecit
494 548 658 589 perficere.
947 541 1036 575 Velis
1062 541 1115 581 pie
1138 539 1293 580 recipere.

208 636 240 667 2.
269 632 348 663 Nam
378 628 529 661 tumulum
557 625 740 665 ingrediens
893 622 926 655 6.
953 622 1017 654 Cor
1041 620 1111 655 tibi.
1139 627 1264 658 corpus,
1293 617 1430 649 animam

267 680 369 711 Vivus
396 676 512 708 dedisti
538 674 696 715 spiritum,
952 669 993 701 Et
1021 671 1150 700 cunctas
1176 667 1261 698 vires
1288 664 1432 704 corporis

269 727 316 759 De
343 734 403 765 quo
430 732 543 755 manna
570 721 746 752 scaturiens
951 717 1073 748 Damus
1100 715 1277 756 pandentes
1302 713 1450 744 intimam

266 775 366 806 Tuum
393 775 527 804 testatur
552 768 709 801 meritum.
951 764 1164 796 Dilectionem
1191 761 1341 803 pectoris.

213 854 244 884 3.
274 849 476 888 Contemplas
503 846 582 878 cacli
609 845 696 876 curia
897 843 927 875 7.
956 841 1109 873 Nostrum
1136 839 1195 870 tibi
1220 838 1385 870 servitium

271 898 414 928 Vestitus
440 897 527 927 iuxta
554 894 706 932 virginem
956 889 1009 921 Sic
1035 894 1065 919 te
1093 888 1229 920 delectet
1256 887 1382 926 iugiter,

274 944 437 977 Secundae
465 942 564 974 stolae
591 941 690 981 gloria
954 937 998 970 Ut
1025 941 1111 968 tuum
1138 935 1348 975 patrocinium

273 992 391 1024 Summi
417 991 518 1031 patris
543 988 721 1027 imaginem.
953 985 1170 1025 Experiamur
1196 983 1343 1015 dulciter.

209 1073 242 1104 4.
267 1069 314 1102 Ob
345 1069 528 1100 doctoratus
554 1065 726 1105 praemium
899 1063 930 1097 8,
957 1061 1058 1096 Patri.
1085 1064 1169 1099 nato,
1197 1059 1354 1099 paraclito

276 1117 352 1149 Cum
379 1115 479 1155 gloria
504 1112 649 1151 martyrii
958 1109 1091 1148 Semper
1115 1107 1286 1139 reddamus
1313 1106 1461 1147 gloriam,

274 1165 315 1196 Et
342 1162 496 1203 virginale
522 1161 622 1192 lilium
957 1156 1065 1189 Sancti
1091 1155 1240 1187 Iohannis
1266 1154 1380 1186 merito

274 1212 319 1243 Te
346 1211 475 1242 laudant
503 1209 561 1240 Dei
588 1207 657 1239 filii.
958 1205 1116 1236 Intremns
1141 1203 1220 1234 caeli
1248 1203 1378 1237 curiam.

290 1291 423 1318 officium
445 1297 551 1316 novum
576 1288 651 1314 beati
675 1286 815 1313 Iohannis
838 1286 906 1320 imp.
924 1285 1075 1312 Bononiae
1101 1281 1182 1310 1525.

544 1418 610 1449 334.
652 1418 693 1448 Ile
715 1418 823 1448 sancto
844 1415 977 1447 Iohanne
999 1414 1191 1445 Reomaensi.

743 1477 792 1503 Ad
818 1477 1011 1510 Vesperas.

226 1562 255 1593 1.
283 1559 380 1590 Sacra
408 1557 474 1588 dies
501 1554 681 1586 infunditur
905 1556 936 1585 4.
964 1553 1142 1592 Oppressos
1170 1551 1253 1584 fame
1279 1551 1386 1583 valida

280 1605 439 1643 Iohannis,
467 1604 525 1634 viri
551 1602 663 1640 incliti,
966 1601 1063 1632 Plena
1090 1599 1211 1631 refovet
1239 1600 1352 1641 gratia,

279 1652 472 1692 Triumphis,
501 1650 608 1691 signis,
637 1650 757 1681 meritis
966 1648 1042 1679 Cum
1070 1653 1245 1679 vacuantur
1270 1649 1386 1680 horrea

281 1700 502 1735 confessorum
529 1698 704 1738 praecipui.
964 1697 1105 1736 Frugum
1132 1701 1272 1727 meretur
1298 1697 1403 1737 copia.

221 1781 252 1812 2.
279 1779 341 1810 Hic
367 1775 485 1817 probus
511 1775 550 1806 ab
577 1772 713 1806 infantia
907 1776 937 1808 5,
964 1773 1030 1804 Iam
1057 1772 1247 1804 candidatus
1273 1773 1360 1804 senio

280 1825 407 1858 Deserti
433 1823 513 1864 petit
539 1822 668 1862 abdita3
965 1821 1128 1852 Evocatur
1153 1830 1171 1852 a
1197 1820 1343 1862 Domino,

282 1876 425 1913 Anguem
450 1871 589 1903 virosum
615 1869 741 1910 perimit
965 1869 1046 1901 Fine
1073 1867 1166 1900 beato
1193 1869 1351 1900 transiens

280 1922 323 1954 Et
350 1920 550 1961 principatur
575 1917 747 1950 monachis
967 1916 1070 1956 Super
1096 1916 1235 1948 laetatur
1261 1917 1406 1949 aethera.

224 2001 254 2032 3.
282 1999 446 2038 Fugantur
472 1995 558 2027 saevi
585 1995 765 2035 daemoneS,
910 1994 941 2027 6.
966 1993 991 2025 Ο
1018 1996 1112 2032 pater
1139 1992 1348 2034 divinissime,

285 2046 376 2078 Muto
403 2043 529 2084 loquela
555 2042 719 2081 redditur3
969 2040 1053 2072 Tuos
1080 2049 1233 2073 conserva
1261 2041 1352 2082 filios,

285 2098 382 2133 Quem
408 2101 493 2123 mors
520 2090 671 2130 raptabat
699 2089 815 2127 citima,
971 2089 1055 2127 Quos
1081 2098 1165 2120 nunc
1189 2090 1326 2129 grataris
1353 2091 1518 2135 proprios,

285 2142 381 2174 Sacra
407 2138 580 2172 reformant
607 2138 724 2170 munia.
971 2136 1126 2169 Concives
1153 2146 1249 2177 posce
1275 2138 1422 2171 caelicos.

544 2217 574 2250 7.
603 2215 679 2247 Cum
705 2223 767 2255 quo
791 2223 859 2257 nos,
887 2222 1011 2245 summa
1037 2213 1150 2254 deitas,

604 2264 642 2296 In
668 2262 812 2294 trinitate
837 2261 954 2304 unitas,

603 2312 671 2344 Tua
698 2314 805 2351 captet
829 2309 1002 2342 aeternitas

598 2360 642 2392 Et
667 2359 783 2391 habeat
808 2357 961 2391 infinitas.

307 2445 376 2470 Vita
398 2452 449 2470 ms.
471 2442 500 2469 S.
522 2441 662 2469 Iohannis
683 2441 840 2468 Reomaen.
863 2447 938 2467 saec.
963 2436 1007 2466 10.
1029 2438 1097 2466 Cod.
1120 2439 1229 2466 Meten.
1253 2437 1316 2467 195.
1339 2455 1374 2459 —
1398 2442 1552 2471 Ab<chrift

228 2492 287 2510 von
305 2483 336 2510 P.
358 2482 392 2510 E.
415 2479 543 2509 Riviere.
