1653 2656
410 234 442 266 5.

390 1566 444 1598 10.

394 1833 447 1866 11.

395 2101 451 2134 12.

470 233 513 267 Ut
539 241 631 273 quem
657 233 689 264 in
717 232 812 264 caelis
838 240 951 263 novem
977 230 1085 262 colunt
1110 228 1252 272 ordines,

472 282 580 321 Ipsum
600 281 633 312 in
658 280 754 312 terris
779 283 972 311 venerentur
997 276 1152 311 homines,

471 329 514 361 Et
537 337 670 368 quorum
697 327 801 359 factor
825 336 905 358 unus
930 326 1013 366 regit
1038 324 1155 362 omnia,

471 376 636 408 Communi
662 380 736 407 voto
760 375 836 406 dent
861 375 891 405 ei
916 373 1088 414 praeconia

610 424 664 456 Ad
690 424 841 455 honorem
867 421 1007 454 Domini.

435 525 442 532 .
470 500 652 539 condignus
677 499 767 537 ordo,
793 499 876 530 iusta
902 496 1116 537 providentia,

473 547 517 579 Ut
542 556 620 586 quos
646 547 819 587 praescivit
847 546 906 577 Dei
930 545 1090 584 sapientia

470 595 553 626 Fore
579 595 724 626 concives
750 598 781 625 et
806 603 900 625 unam
927 602 992 624 rem
1019 591 1191 633 publicam,

471 642 547 674 Illos
573 643 677 674 uniret
703 643 735 673 in
761 642 888 673 laudem
916 641 1108 673 dominicam

613 690 664 721 Ad
692 690 841 721 honorem
869 689 1008 721 Domini.

434 791 439 796 .
467 767 528 798 Per
553 766 762 807 Salomonem,
789 775 847 805 per
873 769 1015 797 nostrum
1044 764 1224 805 pacificum,

469 814 655 845 Traduntur
679 822 823 853 quaeque
849 813 993 845 manibus
1021 812 1192 853 artificum,

469 862 571 901 Ligna
598 862 746 893 dolantur
772 866 803 892 et
829 862 1028 901 quadrantur
1056 861 1183 900 lapides

470 909 656 941 Structurae
682 913 811 940 sanctae
837 909 976 940 civitatis
1002 909 1128 941 habiles

614 958 666 988 Ad
693 958 842 988 honorem
868 957 1006 989 Domini.

433 1061 439 1066 .
467 1033 528 1064 Hic
554 1032 730 1064 fabricatur
755 1034 858 1065 solida
883 1034 1017 1065 materia

470 1081 533 1112 Per
556 1082 757 1112 sacerdotum
783 1090 875 1112 sacra
900 1081 1088 1117 ministeria,

472 1130 539 1168 Qua
565 1134 799 1160 consummetur
823 1129 880 1160 illa
906 1138 1028 1160 summa
1055 1130 1177 1170 civitas,

474 1176 537 1208 Ubi
564 1175 599 1207 fit
624 1176 710 1207 Deus
737 1177 851 1207 civium
879 1176 1016 1208 felicitas

615 1224 668 1255 Ad
694 1225 844 1256 honorem
871 1225 1010 1257 Domini.

434 1325 440 1331 .
469 1299 515 1331 Sit
542 1308 616 1339 ergo
643 1300 711 1330 dies
737 1300 798 1331 ista
826 1301 1043 1339 celeberrima,

473 1348 540 1385 Qua
566 1347 734 1378 salvatoris
761 1348 863 1387 pietas
889 1348 1050 1380 uberrima

474 1394 565 1425 Fecit
590 1395 673 1426 hunc
699 1396 801 1426 locum
827 1400 968 1427 sanctum
996 1395 1273 1438 frequentabilem,

477 1442 651 1474 Caelestem
678 1447 813 1482 portam,
840 1444 965 1475 domum
991 1445 1208 1476 venerabilem

615 1491 667 1521 Ad
694 1492 843 1522 honorem
871 1492 1008 1524 Domini.

471 1566 507 1596 In
533 1575 594 1605 quo
619 1570 661 1606 te,
689 1572 791 1606 pater,
818 1568 954 1609 petimus
981 1578 1038 1608 per
1064 1568 1175 1609 filium,

469 1614 603 1646 Custodi
629 1614 687 1645 tibi
713 1624 847 1655 corpora
873 1615 1025 1657 fidelium,

474 1662 578 1693 Tuere
602 1667 722 1693 mentes
748 1667 873 1694 nostras
899 1663 938 1694 ab
965 1665 1097 1696 interitu

478 1708 693 1741 Vivificandas
720 1715 773 1742 tuo
799 1715 909 1742 sancto
935 1712 1051 1750 spiritu

617 1758 670 1789 Ad
697 1758 846 1790 honorem
874 1759 1010 1792 Domini.

474 1832 633 1864 Conserva
659 1833 773 1873 locum,
802 1833 901 1866 funda
927 1836 1145 1875 sanctimonia,

474 1880 538 1912 Des
564 1881 757 1920 postulanda
783 1883 940 1922 praebens
967 1884 1127 1925 alimonia,

476 1928 630 1968 Populum
658 1938 732 1970 rege
758 1929 879 1962 faciens
905 1933 1084 1974 unanimen,

475 1976 674 2016 Languidum
701 1987 776 2009 cura
798 1983 968 2018 protegens
995 1980 1183 2012 ineolumem

619 2025 672 2056 Ad
697 2026 847 2057 honorem
874 2026 1014 2059 Domini.

477 2101 514 2132 In
538 2101 608 2132 istis
635 2110 709 2141 ergo
736 2100 815 2133 fusis
840 2103 882 2134 ad
909 2107 940 2134 te
966 2104 1113 2143 precibus

476 2149 524 2180 Tu
549 2158 606 2180 nos
633 2150 764 2191 exaudi,
790 2150 887 2191 Deus,
914 2155 945 2182 et
971 2152 1003 2183 in
1029 2153 1186 2193 omnibus⁷

477 2196 535 2229 Cui
559 2197 601 2228 sit
621 2202 752 2229 aeterna
776 2198 857 2238 laus,
882 2199 984 2231 honor
1009 2204 1041 2231 et
1066 2201 1177 2243 gloria,

476 2244 579 2284 Salus,
606 2249 759 2285 potestas,
788 2247 889 2278 virtus
915 2251 947 2279 et
974 2248 1108 2280 victoria

618 2294 671 2326 Ad
698 2294 850 2326 honorem
876 2295 1015 2329 Domini.

284 2397 342 2424 Rit.
363 2404 416 2424 ms.
439 2398 616 2426 Pataviense
637 2407 713 2426 saec.
738 2397 781 2427 12.
803 2409 847 2427 ex.
871 2399 941 2427 Cod.
963 2401 1058 2429 Palat.
1081 2402 1283 2433 vindobonen.
1305 2404 1388 2435 1817.

207 2435 356 2463 beneficia.
379 2451 415 2454 —
437 2435 463 2469 6,
488 2436 500 2464 l
525 2438 716 2465 Salemonem.

1416 2410 1487 2443 ,1Ἃ

1507 2411 1526 2439 4
