1653 2656
759 170 805 174 —
857 152 921 187 241
975 173 1015 178 —

619 242 689 274 402.
731 244 773 275 De
796 253 819 276 s.
841 245 944 278 Maria
958 247 1158 288 magdalena.

773 315 824 342 Ad
850 316 891 343 Se
902 321 1007 344 xtam.

223 396 256 428 1.
284 395 468 438 Resurgens
494 399 556 431 Dei
581 400 677 440 filius,
920 407 951 438 2.
979 405 1158 446 Discipulis
1186 408 1265 441 haec
1292 411 1404 443 nuntia

283 444 400 477 Mortis
429 447 614 481 destructor
640 450 781 489 inclitus,
979 454 1087 486 Prima
1114 455 1221 488 defert
1246 457 1418 502 gaudiflua,

283 493 392 526 Primo
419 495 546 528 Mariae
573 497 694 530 visibus
978 502 1063 534 Hinc
1089 505 1204 537 merito
1229 507 1376 546 apostola

280 542 446 582 Apparuit
472 545 675 585 conspicuus.
980 550 1120 583 Vocatur
1146 553 1179 584 in
1206 554 1353 589 ecclesia.

558 642 589 675 3.
617 641 717 681 Ergo,
744 643 862 685 Mania,
886 646 1065 687 poscimus,

627 689 705 721 Tuis
732 691 933 724 orationibus

625 738 671 771 Ut
697 741 900 772 commendes
928 751 984 772 nos
1011 742 1159 785 Domino,

625 785 681 817 Cui
709 787 778 818 laus
805 788 874 819 sine
900 790 1047 824 termino.

293 878 456 906 collectan.
484 889 537 906 ms.
560 880 793 909 Gemmeticense
823 892 899 910 saec.
925 882 967 911 lO.
989 887 1028 911 iu.
1052 887 1122 913 eod.
1145 888 1335 925 Rotomagen.
1358 889 1394 918 26
1414 892 1448 921 (A
1471 891 1547 926 292.)

212 915 278 943 add.
304 925 381 944 saec.
414 915 456 944 12.
479 934 515 938 —
543 919 609 945 von
633 919 688 946 den
711 921 851 955 Hymnen
877 923 928 949 ΝΥ.
949 921 1006 950 398
1028 924 1073 951 bis
1095 923 1152 952 402
1173 928 1211 953 ist
1233 929 1264 954 in
1287 927 1404 956 Cheval.
1427 932 1545 967 Repert.

212 962 266 981 aus
290 955 365 982 eben
386 956 483 984 dieser
505 957 609 990 Quelle
631 967 686 985 nur
706 959 757 985 Nr.
779 957 835 987 398
857 962 1055 995 verzeichnet,
1083 963 1141 991 alle
1163 965 1287 1000 iibrigeu
1309 967 1414 995 fehlen.

595 1108 666 1139 403.
710 1109 752 1139 De
775 1117 799 1140 s.
822 1109 925 1142 Maria
947 1112 1148 1152 magdalena.

746 1180 796 1206 Ad
821 1181 1000 1209 Tertiam.

209 1264 239 1296 1.
267 1263 378 1295 Proles
405 1266 518 1297 matris
545 1267 712 1307 ecclesiae,
910 1272 941 1304 3.
971 1271 1132 1304 Martham
1161 1274 1250 1306 Iesus
1277 1276 1441 1318 sollicitat,

266 1311 392 1344 Mariae
419 1312 536 1346 festum
563 1316 680 1354 recole,
969 1320 1032 1352 Sed
1060 1321 1201 1354 Mariam
1228 1323 1400 1363 refocillat,

267 1360 315 1392 De
342 1361 431 1393 cuius
458 1364 659 1402 paenitentia
968 1369 1077 1409 Elegit
1103 1370 1235 1403 Martha
1261 1381 1445 1415 congruam,

268 1407 424 1441 Caelestis
451 1411 570 1451 gaudet
597 1413 697 1447 curia.
967 1418 1073 1449 Maria
1100 1423 1229 1459 partem
1256 1422 1421 1461 optimam.

205 1505 237 1537 2.
265 1505 354 1545 Quae
381 1505 543 1538 Christum
570 1508 635 1540 Dei
662 1508 763 1541 filium
904 1514 934 1544 4.
964 1513 1034 1544 Hoc
1061 1524 1156 1546 unum
1183 1518 1399 1550 necessarium

264 1554 316 1585 Ita
343 1554 458 1586 dilexit
481 1556 665 1597 plurimum,
967 1561 1068 1593 Nobis
1094 1573 1113 1595 a
1141 1568 1233 1603 patre
1260 1565 1414 1599 luminum

267 1602 309 1635 Ut
337 1607 517 1635 mereretur
542 1606 683 1636 omnium
966 1610 1074 1643 Maria
1101 1612 1171 1644 dari
1198 1614 1362 1656 impetret,

263 1650 496 1683 Remissionem
523 1653 690 1687 scelerum.
968 1659 1030 1690 Pro
1058 1670 1121 1700 qua
1146 1671 1204 1693 nos
1230 1662 1315 1695 idem
1344 1665 1486 1700 adiuvet.

631 1754 664 1784 5.
692 1751 762 1784 Deo
789 1755 875 1793 patri
902 1755 942 1786 sit
969 1756 1082 1796 gloria.

276 1844 363 1872 Brev.
385 1854 438 1872 ms.
461 1847 611 1874 Romarici
633 1848 746 1877 Montis
769 1859 846 1878 saec.
871 1850 914 1879 16.
939 1854 1008 1881 Cod.
1035 1856 1198 1891 §pinalieu
1225 1856 1278 1884 164
1301 1857 1367 1888 (77).

634 1992 707 2023 404.
751 1994 793 2024 De
815 1997 929 2026 saneta
952 1996 1083 2028 Mariua.

446 2083 476 2115 1.
502 2083 642 2127 Mariua,
673 2086 762 2126 virgo
790 2087 930 2119 Domino
961 2089 1086 2131 devota,

501 2131 669 2165 Laudibus
697 2134 804 2177 digna,
834 2137 985 2176 precibus
1013 2148 1171 2179 rogamus,

502 2181 602 2213 Plebe
630 2191 690 2221 pro
715 2183 779 2216 ista
805 2193 918 2224 preces
947 2184 1046 2218 funde
1074 2191 1144 2220 tuas

616 2230 779 2271 Tempore
805 2233 901 2264 omni.

440 2325 471 2358 2.
500 2324 630 2358 Faciem
657 2329 837 2370 pulchram,
866 2330 1084 2370 pulchriorem
1112 2333 1220 2376 fidem,

499 2373 632 2407 Patiens
661 2377 795 2409 multum
823 2378 966 2411 moribus
993 2383 1023 2411 et
1051 2382 1127 2425 vita,

500 2421 607 2455 Vitam
634 2424 801 2458 honestam
829 2427 942 2459 habuit
964 2428 1043 2461 haec
1070 2430 1168 2472 virgo.

614 2472 752 2514 Semper
778 2475 885 2510 beata.

247 2527 386 2557 Dreves,
404 2529 508 2559 Hymni
526 2530 640 2555 Inediti.
672 2533 733 2557 vn.
1319 2540 1354 2569 16
