1653 2656
698 121 957 156 —296—

640 262 706 293 499.
748 262 791 293 De
812 264 920 293 saneto
941 261 1017 293 Tito.

177 353 207 386 1.
235 353 366 385 Creteus
392 352 482 383 Titus
509 353 596 391 regia

234 401 326 432 Prole
355 400 519 431 descendit
545 401 664 439 Minoa.

233 448 351 480 Christi
380 447 439 478 fuit
464 449 628 488 apostolus

234 496 383 535 Paulique
410 494 468 527 fuit
492 496 605 528 socius.

175 583 204 614 2.
233 581 304 620 Ipse
331 581 421 612 Titus
447 581 609 621 apostolus

233 630 292 660 Per
318 629 462 660 civitates
490 634 653 660 consecrat

231 676 408 712 Pontifices,
436 677 654 718 presbyteros,

231 724 388 756 Diacones
413 729 443 755 et
471 726 614 757 clericos.

176 812 206 843 3.
233 811 291 849 Qui
317 810 441 849 plebem
465 820 586 842 sacram
614 812 773 843 instruant

234 857 437 889 Sermonibus
465 863 496 889 et
521 868 627 898 opere,

230 906 423 937 Orthodoxis
451 908 601 946 mysteria

230 953 413 984 Ministrent
440 954 502 985 iam
529 955 706 987 catholicis,

859 354 889 384 4.
919 351 1047 384 confisa
1074 351 1190 384 Cretae
1215 352 1340 384 insulae

918 400 1013 432 Tanti
1040 400 1141 440 patris
1169 400 1327 440 deposita,

920 448 1017 480 Cuius
1043 457 1077 479 se
1104 448 1208 480 credit
1234 457 1365 480 munere

921 496 1026 528 Vitam
1056 496 1180 528 beatam
1209 497 1369 536 consequi.

885 608 891 614 .
920 581 1016 613 Cuius
1043 591 1159 621 corpus
1182 583 1369 622 metropolis

921 630 1050 662 Cortina
1077 633 1165 661 tenet
1189 630 1346 672 inclitum,

917 678 1036 709 Secura
1061 682 1150 709 tanto
1177 679 1325 718 principe

919 726 1039 757 Christi
1065 726 1176 757 videre
1202 725 1327 757 faciem.

882 838 888 844 .
917 812 1026 843 Virtus
1053 822 1177 852 quoque
1203 813 1374 852 imperium

917 860 965 892 Sit
989 860 1076 899 patri
1103 864 1198 900 atque
1224 861 1341 902 genito,

916 908 1033 939 Sancto
1059 908 1151 939 simul
1179 909 1336 948 paraclito

916 956 951 987 In
979 956 1176 987 saeculorum
1204 957 1342 988 saecula.

246 1039 328 1064 Brev.
366 1048 416 1064 ms.
451 1040 633 1066 eivitatonse
666 1048 740 1066 saec.
772 1038 813 1066 15.
845 1039 915 1066 Cod.
937 1040 1072 1075 Archiep.
1096 1041 1214 1067 Utinen.
1240 1042 1303 1068 Oct.
1330 1041 1371 1068 lo.
1394 1043 1426 1068 A.
1450 1056 1487 1060 —

167 1075 257 1102 Psalt.
279 1080 307 1102 et
329 1076 425 1111 hymn.
449 1086 500 1102 ms.
523 1078 703 1104 Civitatense
725 1086 799 1104 saec.
824 1076 866 1104 15.
888 1078 957 1105 eod.
980 1080 1067 1105 civit.
1092 1079 1254 1106 LxxnIB.
1278 1094 1308 1097 —
1326 1081 1411 1107 Brev.
1435 1090 1487 1107 ms.

171 1114 351 1141 Civitatense
376 1113 715 1141 1467.c0‹1.ttivitateu.
740 1116 871 1142 LXXIV.
895 1114 958 1147 (28).
981 1120 1011 1143 C,
1034 1131 1069 1134 —
1094 1117 1215 1151 Antiih,
1238 1120 1486 1146 iiis.Civit;1tense

167 1160 242 1178 saeta
268 1152 309 1178 15.
326 1153 394 1179 Cod.
411 1154 566 1179 Civitaten.
584 1153 688 1179 LXIV.
712 1154 747 1180 l).
769 1169 805 1172 —
825 1152 852 1181 3.
874 1153 892 1181 4
912 1154 1049 1181 catholici
1067 1156 1099 1181 A.
1122 1171 1157 1174 -
1179 1155 1206 1187 4,
1232 1156 1242 1182 l
1262 1157 1384 1183 Cniitixa
1401 1158 1433 1184 A.
1450 1172 1486 1175 —

167 1188 193 1221 4,
216 1190 232 1216 2
253 1191 396 1225 disposita
419 1192 440 1217 Β
462 1192 493 1217 (Σ.

593 1322 661 1352 500.
704 1323 743 1353 De
765 1325 871 1354 sancto
893 1323 1038 1354 Tresano.

685 1383 705 1408 Α
716 1383 733 1408 d
763 1383 787 1408 V
797 1392 811 1410 e
820 1392 833 1409 s
842 1393 860 1419 p
868 1392 882 1409 e
891 1392 926 1410 ra
935 1394 956 1409 s.

173 1457 202 1488 1.
228 1457 364 1488 scandat
392 1459 533 1498 polorum
561 1460 667 1492 sidera

229 1505 433 1536 Psallentium
461 1508 631 1538 concordia

230 1552 270 1583 Et
298 1558 461 1591 pectorum
489 1555 614 1586 devotio

229 1600 328 1630 Deum
356 1601 415 1631 sibi
443 1603 599 1634 conciliet.

167 1685 199 1715 2.
226 1686 327 1715 Adest
356 1686 423 1717 dies
450 1688 589 1726 propitia

227 1733 336 1764 Sancti
363 1734 496 1765 Tresani
522 1736 654 1776 meritis,

227 1784 323 1818 Quam
352 1782 513 1813 dedicavit
540 1783 668 1814 inclitus

226 1828 325 1867 Regni
351 1833 463 1868 petens
491 1831 649 1864 caelestia.

165 1915 195 1947 3.
223 1915 319 1953 Quem
346 1919 435 1947 tanta
461 1917 657 1949 continentia

223 1963 380 2002 Vigorque
407 1965 490 1996 vitae
517 1966 672 2000 vinxerat,

224 2010 265 2042 Ut
294 2012 345 2042 vix
372 2010 485 2043 famem
514 2013 676 2052 depellere

221 2059 317 2090 Potus
345 2065 426 2091 esset
453 2065 483 2091 et
509 2062 632 2100 epulae.

854 1463 885 1493 4.
912 1463 1059 1494 Accinxit
1087 1463 1177 1494 illum
1205 1465 1346 1501 castitas,

914 1510 1056 1549 Compsit
1083 1510 1194 1543 fideles
1221 1513 1354 1551 puritas,

910 1558 1092 1598 Mentisque
1118 1561 1328 1592 sanctimonia

910 1605 978 1637 Deo
1005 1607 1182 1646 placentem
1210 1609 1364 1642 reddidit.

873 1718 879 1724 ,
908 1692 1008 1723 Verus
1035 1695 1186 1726 sacerdos
1212 1701 1355 1736 tempore

911 1740 972 1771 Hic
999 1741 1028 1771 in
1057 1751 1112 1773 suo
1139 1744 1350 1783 resplenduit.

907 1789 1035 1819 Ardore
1061 1791 1142 1821 santi
1171 1792 1302 1832 spiritus

909 1835 1071 1875 Fragrans
1097 1838 1128 1869 in
1155 1848 1211 1871 ara
1240 1842 1389 1880 pectoris.

857 1922 879 1952 Ἴ.
908 1921 1003 1953 Cuius
1029 1922 1178 1963 frequens
1204 1926 1372 1959 subventio

908 1968 959 2000 Fit
987 1980 1112 2003 reorum
1139 1975 1294 2014 remissio,

908 2018 951 2050 Ut
978 2027 1149 2057 poenarum
1176 2022 1326 2055 incendia

906 2065 1039 2098 Nostras
1066 2077 1128 2099 non
1154 2075 1247 2101 urant
1275 2072 1408 2107 animas

496 2148 525 2181 7,
554 2147 648 2189 Laus,
676 2148 786 2188 honor,
815 2150 926 2188 virtus,
954 2152 1055 2191 gloria

556 2195 624 2226 Deo
651 2197 736 2235 patri
761 2202 793 2228 et
818 2197 894 2236 filio.

556 2243 675 2275 Sancto
702 2245 795 2276 simul
821 2247 978 2285 paraclito

554 2292 592 2323 In
618 2293 813 2332 sempiterna
839 2295 975 2328 saecula.

235 2383 369 2411 Officium
393 2395 430 2412 ss.
445 2388 578 2415 Tresani.
602 2387 753 2415 Gumberti
775 2391 803 2415 et
824 2392 942 2418 sanctae
957 2391 1083 2420 Berthae
1105 2395 1174 2431 imp.
1190 2396 1310 2425 Rhemis
1334 2398 1417 2427 1557.
1438 2417 1477 2421 —

158 2423 239 2449 Nach
262 2423 386 2459 strophe
408 2424 426 2451 4
449 2424 612 2458 „Divisio“.
