1653 2656
208 255 240 286 3.

744 1116 794 1143 Ad
823 1116 979 1143 Sextam.

213 1217 243 1247 1.
273 1216 349 1245 (jum
374 1213 518 1253 patribus
545 1217 575 1244 et
602 1213 721 1252 angelis
918 1213 949 1244 6.
978 1211 1109 1243 Plenum
1139 1219 1257 1241 veneno
1284 1209 1416 1241 calicem

273 1262 482 1293 Scandentem
509 1261 622 1300 grandi
649 1261 750 1300 gloria
974 1259 1057 1290 Dum
1083 1262 1186 1298 potas,
1212 1257 1292 1288 nihil
1318 1256 1425 1288 nocuit

272 1309 394 1348 cerm,
422 1309 588 1346 Iohannes,
615 1308 714 1339 oculis
976 1307 1023 1339 Ob
1052 1305 1146 1338 fidem
1173 1306 1246 1336 Iesu
1271 1304 1459 1344 simplicem,

274 1358 374 1388 lesum
403 1357 482 1388 caeli
509 1356 666 1389 sublimia.
977 1358 1062 1393 Quae
1086 1362 1212 1393 semper
1237 1353 1359 1384 cunctis
1386 1351 1520 1392 profuit.

216 1465 247 1495 2.
275 1463 309 1493 In
337 1466 381 1502 te,
410 1461 482 1492 dum
509 1461 622 1492 mentis
648 1460 756 1492 oculos
924 1460 954 1492 7.
978 1459 1070 1490 Iussu
1094 1458 1228 1498 maligni
1254 1458 1390 1489 hominis

277 1511 312 1542 ln
337 1509 457 1540 caelum
484 1514 583 1547 tenes,
609 1508 742 1547 spiritus
982 1507 1114 1538 Intrasti
1140 1505 1268 1537 fervens
1293 1505 1397 1537 oleum

276 1557 461 1595 Descendit,
489 1557 541 1596 qui
567 1556 730 1596 apostolos
982 1556 1044 1586 Pro
1070 1554 1165 1586 laude
1191 1554 1264 1585 Iesu
1290 1553 1437 1592 nominis,

275 1604 491 1637 Sanctifieavit
517 1604 658 1636 caelitus.
979 1603 1070 1642 Quod
1095 1606 1130 1633 tu
1155 1602 1281 1633 sensisti
1309 1610 1445 1633 roseum.

216 1714 246 1742 25.
273 1710 350 1742 Cum
376 1714 478 1741 mater
503 1713 577 1740 nato
603 1708 750 1748 spiritum
917 1709 948 1741 8.
977 1708 1039 1740 Pro
1064 1708 1110 1739 tui
1137 1708 1207 1739 Iesu
1234 1707 1359 1738 nomine

275 1757 348 1789 Sine
376 1757 486 1789 dolore
510 1756 647 1788 iubilans
977 1755 1112 1787 Tractus
1138 1755 1170 1786 in
1199 1756 1326 1788 Patmos
1352 1755 1468 1796 insula,

275 1806 437 1843 Restituit,
463 1808 510 1836 est
536 1804 703 1843 creditum,
976 1806 1005 1835 A
1032 1803 1110 1844 Deo,
1137 1813 1200 1834 non
1225 1802 1266 1835 ab
1292 1803 1420 1834 homine

277 1853 367 1892 Quod
393 1861 545 1893 praeseus
567 1861 638 1884 eras
655 1852 834 1884 lacrimans.
980 1851 1086 1883 Discis
1115 1856 1249 1883 ventura
1275 1851 1413 1884 saecula.

216 1961 249 1991 4.
278 1959 423 1990 Cadaver
447 1958 695 1990 sacratissimum
923 1958 954 1990 9.
983 1957 1151 1996 Iohannes,
1179 1965 1306 1998 semper
1331 1957 1467 1989 humiles

274 2006 369 2038 Cuius
396 2006 513 2038 dedisti
538 2006 658 2037 tumulo
706 2002 712 2009 “
979 2005 1018 2037 In
1043 2005 1166 2036 actibus
1192 2009 1223 2035 et
1249 2005 1396 2036 sensibus

273 2054 433 2094 Hymnum
469 2062 585 2085 canens
619 2054 837 2085 dulcissimum
982 2053 1086 2085 Simus
1111 2057 1141 2084 et
1168 2053 1243 2084 boni
1269 2053 1393 2093 pugiles

273 2103 335 2134 Ore
363 2102 472 2134 dolore
497 2102 644 2134 tremulo.
981 2101 1044 2133 Pro
1069 2101 1198 2133 Christo
1216 2109 1286 2132 cum
1305 2101 1527 2135 daemonibus.

215 2211 249 2242 5.
277 2208 324 2239 Tu
351 2208 391 2239 ad
418 2207 562 2239 Electum
590 2208 701 2248 dirigis
900 2208 954 2239 10.
982 2207 1081 2246 Patri,
1108 2212 1194 2244 nato,
1221 2208 1379 2248 paraclito

275 2255 327 2287 Ad
354 2255 476 2287 Gavum
503 2261 533 2286 et
561 2255 712 2287 ecclesias
981 2255 1115 2294 Semper
1139 2255 1313 2287 reddamus
1339 2256 1489 2296 gloriam,

277 2303 438 2342 Tabellas,
466 2304 579 2343 quibus
606 2304 729 2343 colligis
982 2303 1093 2336 Sancti
1118 2303 1269 2336 Iohannis
1292 2305 1408 2336 merito

274 2352 399 2383 Mentes
425 2362 443 2383 a
471 2351 600 2383 Christo
626 2351 745 2385 devias.
983 2352 1141 2383 Intremus
1168 2352 1249 2384 caeli
1275 2353 1408 2386 curiam.

731 148 990 184 —196—

268 253 356 285 Tunc
381 251 535 283 oscularis
561 249 698 281 dulciter
894 247 927 279 5.
953 246 1074 277 Amara
1098 243 1172 275 Iesu
1196 240 1306 282 passio

268 300 346 332 Eius
372 304 498 331 sacrata
522 298 682 338 stigmata,
952 293 1114 332 Nostram,
1142 289 1311 331 Iohannes,
1339 287 1478 320 animam

269 348 327 386 Qui
353 347 412 378 tibi
437 346 569 378 sufflans
595 345 710 376 leniter
953 341 1006 373 Sic
1029 339 1151 371 cruciet
1175 336 1348 376 absinthio,

267 397 384 435 Magna
411 394 500 426 dedit
525 394 727 425 charismata.
952 388 1043 428 Quod
1066 386 1194 421 Christo
1221 385 1338 418 reddat
1363 383 1522 416 intimam.

270 501 306 532 In
334 509 419 531 mare
446 499 485 531 de
511 499 675 539 discipulis
898 496 928 528 6.
955 494 999 526 Et
1025 493 1128 525 dulcis
1153 500 1243 524 amor
1266 489 1400 531 virginis

273 548 362 581 Unus
389 557 426 579 ex
453 552 573 586 septem
601 546 681 577 retia
956 542 1019 575 Cor
1044 545 1187 572 nostrum
1213 539 1259 570 sic
1284 535 1489 576 transfodiat,

273 596 405 629 Mittens
430 595 574 635 agnoscis
600 593 709 629 oculis.
952 590 1045 630 Quod
1072 589 1140 620 zelo
1165 587 1215 619 sui
1241 585 1379 618 numinis

277 643 420 675 Surrexit
447 643 499 682 qui
527 651 595 673 cum
619 641 731 681 gloria.
959 638 1093 677 Semper
1118 637 1269 676 languere
1295 633 1403 666 faciat.

580 747 611 779 7.
638 745 738 787 Patri,
765 748 849 784 nato,
876 743 1046 784 paraclito.

283 852 417 878 Officium
439 860 544 878 novum
568 852 644 878 beati
667 850 806 877 lobannis
827 850 897 884 imp.
919 849 1070 876 Bononiae
1095 844 1178 873 1525.

615 1038 683 1068 330.
725 1037 766 1068 De
786 1045 811 1067 s.
834 1037 969 1067 Iohanne
991 1035 1108 1074 Evang.

289 2456 422 2483 Officium
444 2465 550 2483 novum
567 2457 643 2484 beati
667 2456 806 2484 Iohannis
829 2458 898 2492 imp.
919 2458 1071 2485 Bononiae
1094 2454 1177 2484 1525.
1198 2472 1234 2476 ——
1255 2456 1281 2489 5,
1303 2457 1321 2485 4
1342 2459 1450 2486 Mente.
