1653 2656
243 175 273 205 3.
301 173 392 205 Tunc
415 173 524 208 fantur
549 176 737 209 Theotonici
927 180 957 211 5.
987 178 1163 219 Ambrosii,
1189 183 1300 212 sancte
1326 181 1452 222 doctor,

301 220 456 255 Similiter
481 228 511 256 et
539 223 673 256 Gallici:
985 226 1176 258 Nostrorum
1209 227 1254 259 sis
1283 237 1413 270 semper
1436 233 1554 269 rector,

299 269 372 301 Non
397 281 564 312 possumus
591 274 765 305 extendere
984 274 1037 306 Ad
1063 274 1165 306 nostri
1191 276 1424 315 protectionem

301 317 369 349 Nec
393 320 534 359 gladium
561 321 723 362 proicere3
985 323 1030 354 Te
1056 323 1249 355 advocamus
1274 328 1457 365 patronum.

239 414 271 445 4.
298 413 428 446 Ablatis
453 416 570 448 nostris
597 418 718 449 viribus
926 420 956 451 6.
984 419 1107 450 Doctor
1133 423 1263 452 sanctae
1289 421 1455 464 ecclesiae,

298 461 458 494 Cedamus
483 464 553 496 istis
579 465 745 504 partibus;
984 468 1184 499 Intercessor
1208 467 1252 499 sis
1279 468 1386 507 hodie,

298 509 361 541 Sed
388 511 467 551 ipsis
493 521 554 544 non
582 514 764 553 potentibus
983 515 1099 547 Sancte
1125 519 1219 556 pater
1244 516 1420 559 Ambrosii,

297 556 401 589 Necat
427 559 475 590 vel
504 560 559 591 dat
585 562 776 594 carceribus.
985 563 1102 594 Veniae
1128 563 1226 595 simus
1253 565 1383 599 conscii.

620 658 648 690 7.
680 657 745 688 Deo
771 666 845 698 ergo
872 658 913 689 sit
938 658 1048 699 gloria,

674 706 732 744 Qui
760 705 849 736 dedit
874 707 1053 745 patrocinia

674 753 772 790 Haec,
800 754 920 785 meritis
946 755 1110 786 Ambrosii

675 801 791 832 Veniae
817 802 914 833 simus
941 803 1070 835 conscii.

312 891 395 917 Brev.
423 892 648 920 Ambrosianum
676 895 742 930 imp.
772 896 932 923 Mediolani
958 895 1037 924 1487.
1061 912 1094 915 —
1115 896 1141 928 2,
1163 897 1181 924 4
1202 907 1330 926 noscere.
1353 915 1387 918 —
1411 898 1438 931 4,
1460 900 1478 928 4
1499 901 1550 928 dat

234 928 314 954 iehlt.
343 943 371 946 -
393 928 420 961 5,
450 929 461 956 1
485 932 633 965 Ambrosi3
659 933 716 968 vgl.
739 935 764 963 ὕ,
793 932 817 960 3.
840 948 877 952 —
900 934 926 967 5,
947 934 966 962 4
986 944 1124 962 vocamus
1153 941 1313 971 patronem.
1343 952 1368 955 —
1395 939 1457 965 Das
1480 940 1549 967 Fest

235 967 384 999 „Victoria
415 978 437 993 s.
470 970 615 996 Ambrosii
647 972 677 997 in
706 973 884 1007 Parabiago‘*
914 974 1012 1000 wurde
1041 983 1086 1000 am
1117 973 1161 1001 21.
1192 976 1276 1002 Febr.
1302 976 1433 1011 gefeiert.
1482 979 1548 1014 Vgl.

232 1004 387 1037 Loeatelli⁷
409 1006 478 1033 Vita
499 1007 528 1033 di
551 1010 579 1034 S.
602 1009 769 1045 Anibi-ogis),
792 1011 904 1037 Milauo
928 1010 1009 1044 1874,
1033 1015 1061 1039 S.
1084 1012 1148 1040 544.

682 1197 732 1227 117.
775 1197 816 1228 De
838 1201 943 1229 sancto
965 1201 1097 1232 Andrea.

730 1267 772 1292 Iu
801 1265 826 1293 2.
855 1269 1042 1304 Vesperi&

231 1348 259 1378 1.
289 1347 517 1387 Magnificetur
542 1350 670 1389 artifex,
917 1357 949 1388 4.
982 1358 1058 1398 „Pie
1083 1364 1274 1400 praeceptor
1297 1363 1427 1403 optime,

290 1395 446 1427 Laetetur
473 1398 581 1429 mundi
609 1401 765 1439 machina,
974 1405 1112 1445 Tempus
1139 1412 1204 1446 est,
1236 1413 1271 1440 ut
1296 1414 1327 1441 te
1354 1411 1491 1453 videam,

289 1442 407 1474 Rerum
436 1444 584 1477 laudetur
610 1446 730 1486 opifex,
975 1452 1043 1484 Rex
1069 1455 1141 1486 lesu
1168 1457 1422 1500 clementissime,

291 1490 457 1522 Caelorum
489 1493 644 1533 plaudant
672 1496 807 1535 agmina.
974 1500 1049 1541 Fac,
1076 1512 1148 1534 mox
1170 1509 1202 1535 ut
1222 1505 1264 1536 ad
1283 1510 1313 1537 te
1334 1508 1490 1540 veniam.“

229 1586 263 1616 2.
293 1585 428 1617 Simonis
456 1588 543 1619 Petri
570 1589 672 1620 socius
917 1598 947 1629 5.
975 1596 1061 1636 Tuis,
1087 1599 1229 1642 Andrea,
1257 1603 1407 1640 precibus

289 1633 356 1664 Nec
382 1634 486 1674 impar
513 1636 545 1666 in
571 1638 740 1677 supplicio,
972 1645 1000 1674 A
1028 1650 1229 1684 peecatorum
1258 1650 1343 1682 vitiis

289 1681 357 1712 Nee
383 1683 485 1713 crucis
512 1684 630 1716 Christi
657 1687 791 1724 nescius,
972 1691 1145 1732 Purgemur
1170 1705 1207 1726 ao
1233 1698 1428 1743 criminibus,

288 1729 404 1760 Vivens
431 1732 582 1770 pependit
612 1732 718 1766 biduo.
973 1740 1060 1771 Caeli
1088 1741 1230 1775 fruamur
1255 1747 1391 1786 gaudiis.

224 1824 256 1856 3.
284 1825 346 1856 Pro
373 1826 460 1856 cuius
487 1827 630 1865 pendens
657 1830 782 1861 nomine
909 1835 942 1867 6.
970 1836 1023 1873 Ut,
1052 1846 1120 1868 cum
1149 1839 1216 1870 dies
1242 1841 1353 1874 iudicii

285 1872 393 1904 Palam
419 1874 553 1906 docebat
578 1877 729 1915 populum
967 1883 1088 1916 Mundo
1115 1886 1208 1918 finem
1235 1891 1431 1929 praefixerit,

282 1920 423 1961 Eiusque
450 1920 548 1953 fultus
572 1924 700 1955 numine
968 1930 1104 1964 Securae
1131 1936 1246 1968 mentis
1273 1941 1391 1972 conscii

280 1967 332 1999 Sic
358 1969 469 2001 orabat
496 1971 537 2001 ad
563 1971 748 2005 Dominum:
966 1977 1106 2020 stemus,
1132 1991 1201 2014 cum
1228 1985 1323 2018 iudex
1352 1991 1485 2025 venerit.

555 2067 584 2099 7.
612 2068 675 2100 Uni
701 2069 846 2110 trinoque
873 2071 1008 2106 Domino

608 2116 656 2147 Sit
680 2116 759 2156 laus,
789 2121 938 2159 perennis
965 2122 1077 2163 gloria,

611 2163 657 2195 Sit
685 2165 781 2197 decus
808 2167 875 2198 sine
901 2171 1036 2201 termino

606 2212 667 2243 Hic
693 2218 723 2244 et
755 2214 788 2245 in
814 2215 894 2246 caeli
919 2218 1018 2250 curia.

289 2303 374 2330 Brev.
411 2306 570 2333 Abricense
602 2308 671 2344 imp.
705 2309 827 2337 Parisiis
855 2309 938 2340 1548.
969 2328 1005 2332 —
1033 2312 1059 2342 3.
1093 2314 1110 2343 3
1137 2321 1262 2348 nomine.
1292 2338 1325 2341 -
1353 2324 1379 2357 5,
1412 2327 1424 2354 1
1454 2329 1530 2358 Unig

210 2340 331 2405 (falts'ci‘m
352 2343 489 2377 Initiale).
505 2360 542 2364 —
558 2345 582 2378 5,
604 2345 621 2373 3
636 2355 653 2373 a
673 2348 857 2376 criminibus.
873 2365 909 2368 —
930 2351 996 2387 Vgl.
1023 2353 1078 2380 den
1103 2356 1253 2390 Hymnus:
1276 2361 1532 2397 Glorificetur

211 2386 249 2405 ar
276 2389 283 2405 1
311 2390 359 2407 ex-
