1653 2656
751 152 1017 188 —315—

653 299 721 332 527.
762 301 805 334 De
826 305 935 335 sancto
956 304 1113 338 winnoco.

763 391 815 418 Ad
844 393 1002 421 Laudes.

213 488 245 521 1.
273 487 385 522 Novus
413 492 476 524 tiro
503 498 579 526 tunc
605 497 753 536 graditur
909 502 941 533 3.
970 501 1149 535 Comscans
1176 506 1275 545 signis
1302 509 1428 549 claruit,

272 537 401 570 Virtute
427 540 459 572 in
487 543 672 583 virtutibus,
970 549 1004 581 In
1031 551 1110 582 orbe
1136 553 1203 585 eius
1230 557 1394 595 sanctitas,

270 584 489 621 Wormhoudt
514 591 575 623 sibi
602 593 751 630 traditur,
968 598 1069 637 Quam
1096 609 1114 631 a
1141 604 1172 632 te
1198 611 1326 643 semper
1351 606 1473 646 habuit,

267 633 424 668 Exsultat
449 639 576 670 caelum
602 640 764 676 laudibus.
965 644 991 678 O
1016 645 1082 683 lux,
1110 648 1202 680 beata
1231 652 1374 687 trinitas.

207 739 238 772 2.
266 738 346 771 Orat
371 746 514 782 sanctus,
541 745 626 776 mola
652 747 764 785 currit,
903 752 934 782 4.
963 751 1128 795 Winnooe,
1157 764 1213 786 ora
1240 756 1423 800 Dominum,

266 786 332 819 Dat
357 788 464 822 lumen
492 791 685 825 delectabile
962 799 1004 831 Ut
1030 803 1085 831 tua
1110 802 1172 833 iam
1201 814 1258 843 per
1284 808 1398 839 merita

266 835 380 877 Caeco,
410 839 484 870 dum
512 840 585 872 huic
610 844 762 882 apposuit
960 847 1022 878 Det
1050 859 1134 881 nunc
1165 856 1196 882 et
1222 853 1253 884 in
1281 861 1471 895 perpetuum

263 884 404 925 Siynum
433 888 538 920 crucis
564 890 724 924 mirabile.
959 896 1066 928 Beata
1092 899 1185 931 nobis
1209 903 1346 940 yaudia.

657 1000 688 1030 5.
717 998 766 1029 Sit
791 999 928 1031 trinitati
956 1002 1069 1041 gloria.

276 1105 346 1134 Vita
368 1117 421 1135 ms.
444 1108 496 1136 SS.
513 1110 653 1138 Winnoci
675 1115 704 1138 et
717 1113 849 1140 Oswaldi
871 1112 957 1142 saeos
974 1115 1045 1143 ¹²l13.
1063 1118 1133 1146 cod.
1152 1122 1277 1155 Hera-en.
1301 1133 1323 1150 s.
1346 1134 1373 1152 n.
1397 1128 1448 1152 auf
1467 1127 1531 1153 dem

195 1143 333 1179 gleiehen
355 1144 496 1183 Urnwege
518 1150 573 1175 wie
598 1149 649 1176 der
669 1151 910 1188 vorhergehende
934 1155 1080 1190 Hymnus.
1213 1156 1219 1157 ’

607 1350 675 1381 528.
719 1351 760 1383 Dc
783 1359 892 1385 saneto
916 1355 1114 1389 wulfranno.

190 1453 221 1487 1.
248 1454 426 1488 Festivitas
453 1462 501 1488 est
528 1467 633 1491 annua
888 1467 922 1496 4.
949 1465 1021 1497 Non
1047 1467 1222 1507 pigritatur
1249 1471 1384 1511 discere,

245 1503 415 1536 Ecclesiae
440 1507 636 1549 gratissima,
947 1514 1038 1552 Quod
1066 1522 1137 1555 post
1166 1519 1289 1550 valeret
1317 1521 1425 1554 diccre

245 1551 460 1585 Wulfrannus
487 1554 549 1586 hac
576 1556 629 1587 die
655 1566 748 1590 sacra
945 1563 998 1594 Ad
1026 1565 1250 1605 corrigendum
1279 1569 1389 1602 devios

243 1599 386 1633 Evectus
410 1606 459 1634 est
485 1603 517 1634 in
544 1604 657 1644 gloria.
944 1610 987 1641 Et
1013 1612 1054 1643 ad
1083 1613 1261 1647 docendum
1290 1620 1425 1653 nescios.

183 1707 216 1739 2.
246 1706 420 1740 Natalibus
447 1710 638 1750 spectabilis
885 1718 915 1749 5.
945 1717 997 1749 Ad
1025 1719 1143 1751 altiora
1169 1723 1316 1760 protinus

239 1755 283 1787 Et
311 1757 456 1789 moribus
484 1758 670 1797 laudabilis,
947 1766 1080 1798 Erectus
1108 1774 1155 1799 est
1184 1770 1348 1810 divinitus,

242 1804 371 1837 Aetatis
400 1806 431 1838 in
460 1807 639 1847 primordio
944 1814 1021 1846 Mox
1045 1817 1204 1850 universis
1231 1821 1331 1855 utilis.

239 1852 384 1886 Devotus
411 1856 535 1887 exstitit
562 1857 640 1889 Deo.
943 1863 1112 1896 Miraculis
1140 1867 1313 1902 mirabilis.

178 1960 214 1993 3.
242 1959 342 1992 Bonis
369 1962 521 2002 placebat
548 1964 696 1997 omnibus
881 1971 912 2002 6.
941 1970 1112 2010 Rogamus,
1141 1982 1158 2003 0
1184 1978 1296 2012 pastor
1322 1975 1386 2015 pie,

242 2009 308 2043 Pro
334 2011 517 2044 sanctitatis
543 2013 680 2055 actibus,
940 2019 1040 2050 Istum
1067 2029 1195 2060 gregem
1224 2026 1256 2053 tu
1283 2031 1427 2065 protege,

237 2057 437 2092 Desiderans
465 2062 628 2105 caelestia,
939 2067 981 2099 Ut
1008 2069 1098 2107 pacis
1125 2070 1156 2100 in
1185 2071 1355 2104 dulcedine

236 2106 309 2139 Non
337 2108 475 2149 diligens
503 2112 684 2144 terrestria.
938 2115 1110 2148 Laetemur
1136 2119 1221 2150 omni
1248 2125 1405 2161 tempore,

596 2220 626 2252 7.
658 2219 721 2251 Per
747 2221 900 2253 universa
924 2224 1053 2255 saecula

653 2268 723 2300 Deo
749 2270 837 2309 patri
865 2271 909 2302 sit
934 2272 1037 2311 gloria

652 2317 796 2358 Eiusque
823 2319 885 2350 soli
912 2319 979 2352 filio

654 2366 732 2399 Cum
759 2367 878 2407 spiritu
906 2370 1075 2408 paraclito.

247 2473 358 2503 Chron.
379 2485 433 2503 ms-
449 2477 680 2509 Fontanellense
696 2490 772 2509 saec.
788 2481 814 2509 9.
831 2483 901 2511 cod.
917 2485 1024 2513 Portus
1039 2486 1160 2514 Gratiae
1175 2486 1241 2516 332.
1257 2489 1322 2517 add.
1338 2499 1405 2519 saec
1435 2492 1456 2507 Ν
1473 2503 1506 2519 15.
