1653 2656
700 125 938 161 -45-

541 227 572 258 5.
600 223 713 255 Gloria
739 223 790 266 sit,
818 223 891 255 Iesu
917 223 982 263 pie,

640 271 713 303 Tibi
739 280 824 303 nunc
849 276 881 303 et
906 271 1035 312 iugiter,

597 319 748 352 Visitanti
774 319 952 352 Zachariae

645 368 780 400 Domum
805 368 1030 408 personaliter,

593 416 660 448 Fac
686 426 743 449 nos
769 420 811 455 te,
838 416 884 449 fili
910 416 1048 457 Mariae,

642 465 722 497 Frui
749 465 968 499 aeternaliter.

227 541 334 568 Diurn.
356 544 386 568 et
406 541 506 576 hymn.
522 551 574 568 ms.
597 541 777 568 Benedictin.
795 541 908 568 Suecic.
925 549 1001 568 saec.
1019 540 1061 568 15.
1078 541 1147 568 Cod.
1164 541 1306 576 Upsalen.
1323 540 1345 566 C
1359 538 1424 566 477.
1442 554 1477 557 -

153 577 176 612 l,
199 579 216 607 5
243 580 485 616 Magnipendent.
516 594 553 598 —
575 579 601 612 3,
623 579 640 606 4
669 579 726 607 Sed
747 581 835 606 timor
855 580 896 607 in.
918 594 954 598 ——
975 579 1002 612 4,
1027 580 1039 607 l
1065 580 1123 607 Suo
1146 580 1223 607 iecit.
1245 593 1279 596 —
1301 578 1327 610 4,
1349 577 1367 605 2
1389 577 1476 604 Auch

149 618 233 646 Altos
261 618 336 646 muss
365 620 414 646 ein
434 619 650 646 Verschreiben
677 619 754 652 sein,
785 627 851 646 man
877 622 1013 646 erwartet
1041 620 1088 646 ein
1110 619 1262 654 Syuonym
1292 618 1338 643 fiir
1360 618 1477 648 inanes;

150 656 205 684 lies
226 658 359 693 paevos‘?
381 672 418 676 —
438 656 465 689 4,
486 656 505 684 4
526 658 613 684 fexat.
629 672 665 675 —
680 658 741 684 Aus
760 657 915 684 derselbeu
936 658 1039 691 Quelle
1061 658 1229 691 Klemming
1245 657 1283 687 11,
1308 654 1369 683 152.
1406 657 1477 682 Der-

149 696 230 723 selbe
258 696 430 724 bezeichnet
456 695 621 723 irrtiimlich
642 695 689 723 die
712 696 771 723 HS.
795 696 840 723 als
862 696 998 727 Missale‚
1027 696 1079 723 das
1100 695 1175 723 Lied
1196 696 1240 722 als
1263 697 1396 731 Sequenz
1418 694 1476 722 und

153 734 234 762 liest:
259 733 283 769 1,
308 733 326 762 2
347 735 528 762 dulcissima.
551 751 585 754 —
611 733 634 766 1,
657 734 674 761 5
695 734 914 770 Magnipendat.
939 749 974 753 —
996 733 1022 766 4,
1043 734 1061 762 4
1084 736 1167 762 ferat.

593 857 639 888 68.
681 857 713 888 ln
736 856 927 888 Visitatione
950 856 1039 887 BMV.

150 939 182 974 1.
209 939 328 979 Maria,
355 943 458 970 mater
483 939 625 975 Domini,
845 939 877 971 4.
904 938 991 969 Deus
1018 941 1050 968 et
1076 938 1169 969 homo
1195 938 1349 971 nascitur,

212 988 248 1019 In
275 987 402 1019 laudem
429 990 483 1018 tuo
510 986 639 1027 nomini,
904 986 971 1024 Quo
1000 990 1084 1017 totus
1114 986 1250 1017 mundus
1278 985 1435 1025 pascitur,

208 1035 377 1067 Elisabeth
405 1035 478 1066 dum
507 1034 630 1070 visitaS,
903 1034 963 1072 Qui
995 1038 1043 1064 est
1068 1033 1211 1066 salvator
1237 1034 1378 1073 gentium

212 1084 308 1115 Vates
335 1083 392 1114 dat
416 1082 528 1114 laudes
557 1082 694 1114 debitas.
901 1081 944 1113 Et
970 1090 1047 1113 vera
1072 1091 1146 1121 spes
1174 1082 1385 1114 credentium.

149 1171 182 1203 2.
209 1169 311 1201 Deum
340 1169 380 1201 de
405 1169 474 1201 Deo
499 1168 640 1209 genitum
841 1171 874 1200 5.
902 1168 1006 1209 Illum,
1040 1176 1133 1207 quem
1160 1168 1250 1207 virgo
1278 1172 1433 1208 gesserat,

207 1218 349 1250 Portasti
375 1217 636 1259 primogenitum,
902 1216 975 1247 Vati
1003 1216 1111 1247 clauso
1138 1216 1361 1256 impresserat.

207 1265 304 1298 Cuius
330 1267 418 1298 novit
444 1266 612 1298 exordium
900 1265 943 1298 Ut
970 1265 1091 1296 nullum
1119 1264 1240 1296 habens
1268 1265 1378 1295 vitium

207 1315 314 1357 Vates,
342 1318 503 1346 scrutator
529 1314 685 1346 cordium.
906 1314 999 1345 Pacis
1025 1313 1123 1344 sciret
1148 1313 1285 1345 initium.

144 1401 176 1434 3.
203 1401 334 1433 Caelum
365 1406 548 1441 terramque
571 1401 625 1440 qui
653 1400 745 1440 regit,
840 1404 871 1433 6.
901 1400 1013 1432 Gloria
1039 1399 1109 1438 tibi,
1138 1399 1285 1439 Domine,

204 1450 241 1482 In
268 1455 300 1481 te
327 1459 455 1481 carnem
483 1449 544 1480 sibi
571 1449 659 1489 legit,
898 1449 957 1488 Qui
985 1452 1077 1480 natus
1104 1457 1137 1479 es
1164 1449 1204 1480 de
1232 1448 1366 1490 virgine,

206 1498 265 1537 Qui
292 1497 497 1538 praecursori
524 1497 656 1537 placuit,
899 1497 987 1530 Patri
1014 1497 1108 1528 simul
1134 1496 1276 1536 ingenito

202 1547 239 1578 In
265 1550 320 1578 tuo
347 1550 460 1578 ventre
486 1546 594 1579 iacuit.
899 1545 976 1577 Cum
1011 1545 1127 1585 spiritu
1153 1544 1322 1584 paraclito.

217 1622 298 1650 Orat.
328 1632 380 1650 ms.
403 1624 567 1658 Campense
588 1624 659 1650 anni
683 1620 765 1649 1462.
787 1621 858 1650 Cod.
880 1622 1100 1649 Darmstadien.
1124 1619 1189 1649 521.
1213 1637 1249 1640 —-
1270 1622 1325 1648 Am
1347 1621 1465 1648 Raude:

140 1663 208 1690 sub
243 1662 370 1690 eadem
397 1665 502 1694 nota,
537 1662 666 1688 niimlich
694 1662 749 1688 wie
776 1661 828 1688 das
858 1660 1099 1697 vorhergehende
1129 1660 1154 1687 Ο
1182 1659 1324 1687 Christi
1355 1664 1469 1687 mater

139 1701 296 1729 caelica.

584 1793 630 1824 69.
673 1793 706 1824 In
729 1792 922 1824 Visitatione
944 1793 1033 1824 Bilv.

141 1877 173 1910 1.
201 1877 318 1910 Mundi
344 1877 430 1909 salus
457 1876 605 1918 affutura,
836 1876 868 1909 3.
896 1874 1051 1907 Genetrix
1078 1875 1297 1907 Emmanuelis

249 1925 349 1966 Virgo
374 1929 479 1957 mater
504 1925 627 1965 inclita,
946 1924 1047 1964 Virga
1073 1925 1162 1956 Iesse
1189 1922 1308 1957 floruit.

199 1975 300 2008 Gestu
326 1974 475 2015 simplex,
503 1978 609 2005 mente
634 1982 726 2013 pura,
895 1972 1017 2005 Ostium
1044 1972 1238 2010 Ezechielis,

245 2023 360 2064 Specie
386 2021 603 2064 praefulgida,
943 2022 1033 2062 Quod
1061 2022 1130 2053 viro
1156 2031 1219 2052 non
1247 2020 1364 2060 patuit,

200 2071 279 2105 Cum
306 2072 437 2104 caelesti
467 2071 616 2112 genitura
896 2071 1002 2109 Mons,
1030 2079 1091 2110 quo
1117 2070 1200 2109 lapis
1228 2068 1374 2100 Danielis

250 2121 412 2154 Processit
441 2120 474 2152 in
500 2120 640 2160 publica.
944 2118 1089 2150 Statuam
1117 2117 1314 2150 comminuit.

136 2210 169 2243 2.
197 2209 302 2250 Caput
329 2212 498 2240 conterens
525 2207 687 2247 draconis,
834 2208 867 2239 4.
895 2205 948 2238 Sic
982 2206 1012 2236 in
1042 2205 1161 2236 mundo
1187 2208 1318 2244 praeter
1344 2212 1465 2235 morem

245 2258 367 2295 Rubus.
396 2258 448 2298 qui
475 2267 538 2289 non
565 2257 680 2295 uritur,
942 2254 1066 2286 Novum
1095 2252 1173 2284 fecit
1199 2252 1366 2295 Dominus,

194 2308 305 2340 Aaron
333 2306 434 2347 virga,
462 2305 626 2338 Gedeonis
895 2303 1000 2335 Castis
1028 2306 1129 2333 mater
1156 2301 1354 2333 conditorem

244 2355 366 2393 vellus,
397 2355 483 2396 quod
509 2352 728 2395 perfunditur,
942 2351 1129 2383 Circumdat
1155 2349 1344 2391 visceribus,

195 2405 285 2437 Haec
311 2402 459 2444 perfecta
486 2402 677 2442 salomom,
893 2400 995 2432 Terra
1022 2399 1123 2440 gignit
1149 2398 1344 2431 salvatorem

242 2453 268 2487 Ο
295 2453 391 2485 beata
418 2452 547 2484 dicitur.
942 2448 1089 2480 Nubibus
1115 2447 1311 2488 pluentibus,
