1653 2656
716 156 974 190 -218—

340 262 394 293 15.
422 259 581 300 Sanguine
605 256 783 298 praeclara,
814 261 977 294 generosa,
1007 252 1074 283 Deo
1100 257 1224 290 quoque
1249 257 1336 289 cara,

467 306 641 339 Saxonicae
668 304 778 344 prolis,
805 299 991 341 magnificae
1016 298 1147 331 subolis,

421 355 483 387 Pro
508 354 577 385 mlo
603 352 721 385 Christi
748 350 859 391 procul
883 348 1019 389 advena,
1046 347 1148 386 virge,
1175 343 1275 384 fuisti,

471 402 585 433 Celans
612 400 794 442 progeniem
821 396 972 437 germinis
999 400 1030 428 et
1055 393 1180 426 seriem.

420 450 464 481 Te
490 458 612 480 servam
640 447 760 480 faciens
786 445 935 477 humilem
964 443 1083 483 regalia
1109 442 1201 478 vitas,

339 501 394 531 20.
469 497 582 530 Tutior
607 502 639 527 ut
669 495 791 535 fugiens
817 494 857 524 sit
883 497 936 524 tua
963 490 1140 531 virginitas

422 545 554 577 Seri‘ula
579 544 710 585 pistoris
737 541 901 573 famularis
927 540 959 570 in
985 538 1131 570 omnibus
1156 536 1244 568 horis

469 597 557 633 Arte,
585 591 641 622 sed
667 590 775 622 uxoris
801 594 848 620 est
874 593 929 619 tua
955 589 1020 618 vita
1046 585 1135 618 foris.

420 642 454 672 In
484 640 600 671 fontem
627 639 743 670 iacitur
769 645 884 676 corpus
910 635 967 667 sed
993 635 1039 666 sic
1067 633 1237 674 reperitur,

467 688 514 719 Dc
540 686 638 718 fundo
663 685 804 726 loquitur
830 692 945 723 corpus
971 688 1001 714 et
1028 681 1216 714 extrahitur.

338 738 393 768 25.
420 737 618 767 Concurrunt
645 734 756 765 turbae
783 732 892 772 populi
920 731 960 762 de
985 729 1127 770 qualibet
1151 728 1241 768 urbe,

467 783 557 822 Quod
585 782 726 821 quisquis
753 781 887 820 patitur,
915 779 1059 813 solvitur,
1086 777 1233 816 eripitur.

418 831 549 872 Virgine
576 840 634 870 pro
660 839 739 868 pura
769 828 849 859 fiunt
874 827 1026 858 miracula
1053 825 1159 865 plura,

467 880 500 909 In
530 886 624 918 prece
650 877 732 916 quod
760 876 892 916 petitur,
919 875 978 906 hoc
1005 874 1057 914 pia
1080 873 1294 914 prosequitur.

419 927 603 957 Subsistunt
628 925 697 955 sani
724 925 864 956 iuvenes,
891 923 993 962 pueri,
1022 921 1175 952 veterani.
1236 920 1238 923 ’

468 974 556 1005 Haec
582 978 653 1004 sunt
682 973 761 1003 dona
791 972 867 1012 Dei;
895 971 963 1002 laus
991 969 1150 1001 referatur
1176 968 1215 999 ei.

262 1068 343 1094 Offic.
370 1075 421 1094 ms.
450 1068 482 1094 S.
508 1067 693 1102 Kineburgae
720 1074 795 1092 saec.
820 1064 862 1091 15.
887 1064 956 1091 cnd.
978 1063 1141 1091 Londinen.
1164 1061 1272 1089 Lansd.
1293 1059 1358 1089 387.
1380 1075 1416 1079 —
1443 1059 1506 1087 Ab·

186 1107 286 1133 schrift
308 1115 365 1131 vnn
388 1106 457 1132 Rev.
483 1106 517 1132 Η,
540 1106 578 1131 M.
602 1105 764 1131 Bannister.

507 1264 573 1293 365.
613 1262 645 1292 ln
668 1261 889 1292 Translatione
912 1270 934 1291 s.
960 1260 1172 1299 Kineburgae.

653 1331 701 1358 Ad
738 1332 1031 1357 processionem.

421 1420 524 1452 Salve.
554 1419 633 1450 festa
662 1419 740 1458 dies,
767 1423 834 1450 toto
861 1418 1053 1450 venerabilis
1079 1427 1170 1457 aevo,

466 1468 533 1506 Qua
562 1467 747 1507 Kineburga
771 1475 827 1498 suo
854 1467 981 1498 tollitur
1007 1475 1045 1497 ex
1073 1466 1203 1497 tumulo.

424 1514 564 1546 Consilio
591 1524 685 1545 sanus
711 1515 838 1553 praesul
865 1514 1128 1553 metropolitanus

469 1561 650 1593 'l'ransferri
678 1562 793 1603 docuit,
822 1562 902 1593 sicut
929 1571 995 1593 eam
1025 1562 1141 1593 decuit.

366 1614 397 1643 5.
425 1611 529 1649 Digne
555 1610 709 1641 translata
735 1619 858 1640 sursum
885 1614 957 1640 sunt
983 1619 1055 1641 ossa
1080 1610 1195 1642 locata.

470 1657 519 1688 Ne
545 1662 668 1696 premat
693 1657 750 1688 illa
775 1658 886 1697 solum,
916 1658 989 1689 duni
1015 1662 1100 1688 tenet
1124 1658 1195 1697 ipsa
1221 1657 1340 1697 polum.

422 1705 585 1736 Assistuut
613 1714 771 1747 proceres,
801 1706 956 1745 dominus,
984 1706 1060 1745 dux,
1088 1706 1177 1736 miles
1204 1710 1234 1736 et
1261 1705 1365 1746 heres,

474 1753 612 1784 Praelati
639 1759 762 1784 veteres
789 1753 962 1784 adveniunt
989 1753 1117 1786 celeres

423 1801 601 1840 Burgenses
628 1801 715 1832 inulti
743 1810 855 1841 magno
881 1806 952 1832 sunt
979 1801 1103 1841 agmine
1131 1800 1212 1840 sulti,

339 1849 394 1882 10.
468 1849 510 1880 Et
539 1849 650 1879 doctor
676 1849 753 1880 cleri
780 1848 945 1888 praedicat
970 1849 1031 1880 hoc
1055 1848 1134 1882 fieri.

421 1896 622 1931 claustralis,
649 1905 752 1938 surge,
781 1905 858 1927 cane
884 1901 917 1928 tu
940 1897 1051 1928 laudes
1078 1897 1293 1938 Kineburgae,

468 1944 599 1975 Fratres
627 1953 698 1975 cuni
727 1945 856 1983 paribus
883 1948 966 1976 stent
995 1945 1097 1976 tribus
1123 1946 1301 1978 ordinibus.

423 1992 575 2023 Concinat
601 1993 632 2023 in
659 1992 762 2023 turbis
787 1993 951 2032 processio
977 1992 1081 2032 plebis
1104 1987 1139 2024 >et
1165 1994 1253 2025 urbis

470 2039 603 2072 Cantica
627 2040 781 2080 virginea,
809 2040 898 2080 virgo
924 2045 1094 2080 praeoptat
1122 2049 1169 2073 ea.

341 2088 396 2120 15.
423 2089 520 2127 Aegri
547 2093 710 2125 sanantur,
738 2088 892 2119 miracula
918 2089 979 2120 iam
1006 2094 1209 2130 renovantur,

469 2135 581 2168 Omnia
607 2136 749 2167 laetitiae
777 2136 867 2176 signa
890 2141 1001 2168 sonent
1028 2137 1133 2169 hodie.

422 2182 543 2215 Infirmi
573 2184 688 2223 quique
713 2184 802 2225 muti,
830 2184 936 2216 claudi
963 2185 1139 2225 reliquique

470 2231 545 2264 Sani
571 2232 751 2272 prosiliunt,
779 2237 853 2264 vota
880 2232 947 2264 Deo
974 2231 1105 2265 faciunt.

424 2280 533 2320 Virgo,
560 2284 633 2311 tuae
658 2280 746 2312 laudi
771 2281 931 2319 sistentes,
960 2290 1160 2322 quaesumus,
1192 2282 1278 2320 audi,

339 2328 396 2360 20.
471 2327 519 2359 Sit
545 2337 607 2368 pax
631 2328 769 2367 omnino,
796 2329 908 2368 gloria,
936 2330 1005 2361 laus
1033 2329 1178 2364 Domino.

265 2422 346 2450 Offic.
372 2431 425 2449 ms.
454 2425 482 2449 S.
510 2423 698 2459 Kineburgae
726 2432 803 2450 saec.
829 2412 871 2450 1'5.
893 2424 965 2452 Cod.
986 2422 1150 2453 Londinen.
1171 2427 1282 2454 Lansd.
1302 2425 1370 2456 387.
1390 2443 1427 2448 -
1451 2430 1509 2458 Ab-

190 2462 291 2488 schrift
313 2470 370 2488 von
391 2462 463 2489 Rev.
485 2463 522 2488 Η.
543 2462 582 2488 Μ.
604 2462 770 2489 Bannister.
