1653 2656
694 136 951 171 —310—

509 285 575 316 522.
617 287 658 317 De
681 295 705 316 s.
727 285 894 318 wilhelmo
916 287 1124 319 Vercellonsi.

663 362 701 387 In
734 360 756 388 1.
786 362 979 398 Vesper-is.

428 452 458 484 1.
486 452 552 484 Pax
579 454 761 493 aeternalis,
789 454 883 486 unica
908 455 1066 494 gignentis

483 499 551 531 Lux
579 500 695 540 filialis,
722 511 810 534 arnor
835 504 1049 542 procedentis,

483 548 628 580 Omnium
660 558 764 580 rerum
791 551 909 582 trinum
936 561 1030 582 unuin
1060 561 1170 583 verum

559 596 681 627 Numen
709 600 890 629 aeternum!

427 683 458 713 2.
485 682 537 713 Ad
564 687 594 712 te
622 683 804 724 clamamus,
832 695 924 725 opem
950 684 1140 729 flagitamus,

483 729 628 771 Paugere
655 731 761 771 digna,
788 733 891 772 pietas
918 733 1065 776 benigna⁷

484 777 583 809 Nobis
610 779 722 810 adesto
748 789 901 820 praesens
926 782 959 813 in
987 782 1047 814 hoc
1075 782 1168 822 festo,

554 826 650 857 Lucis
676 828 774 868 origo.

419 912 449 944 3.
475 912 541 950 Quo
568 912 744 945 Guilelmus
771 924 896 947 cursum
925 916 1078 960 definivit,

477 960 618 991 Aethera
644 962 779 1002 scandit,
806 964 972 996 moriendo
998 966 1087 1008 vivit,

477 1007 599 1047 Regnat
625 1009 657 1040 iu
685 1010 781 1042 caelis
807 1020 933 1051 semper
958 1014 1028 1052 ipse
1056 1013 1133 1046 felix

553 1055 705 1088 Omnibus
731 1059 859 1091 sanctis

416 1142 448 1174 4.
475 1141 620 1172 Flamine
647 1151 737 1174 sacro
763 1145 890 1183 penitus
916 1145 1053 1178 adflatus

478 1188 597 1220 Terrea
622 1192 754 1230 sprevit,
781 1192 877 1223 decus
904 1198 933 1224 et
961 1195 1127 1236 primatus,

478 1235 563 1267 Luce
589 1246 701 1269 serena
728 1239 837 1270 rutilat
863 1250 995 1273 amoena

553 1284 742 1318 Sobrietate.

419 1371 449 1402 5.
478 1370 594 1402 Ursum
621 1371 652 1402 in
680 1370 768 1404 fonte
791 1375 917 1406 monitis
944 1376 1071 1416 deiecit,

476 1417 618 1449 Marmor
641 1419 681 1450 ab
707 1420 779 1452 imis
806 1421 905 1454 bobus
933 1423 1010 1455 ferri
1037 1424 1124 1466 fecit,

475 1465 565 1504 Quod
591 1467 673 1497 trahi
700 1468 793 1500 trinis
819 1471 949 1510 paribus
976 1472 1024 1504 bis
1050 1474 1133 1506 binis

552 1513 635 1544 Ioco
660 1516 820 1555 nequibat

418 1597 449 1629 6.
476 1596 586 1628 Monte
613 1599 728 1631 Laceni
756 1601 924 1634 Dominum
951 1608 1126 1646 conspexit,

476 1645 551 1685 Ipso
575 1650 694 1681 tenore
721 1658 782 1687 quo
808 1650 839 1681 in
866 1660 959 1683 cruce
986 1654 1075 1688 vixit

477 1692 531 1724 Sui
556 1693 683 1725 honoris
711 1696 835 1728 domum
862 1699 1032 1732 salvatoris

550 1741 672 1773 Facere
698 1743 799 1777 iussit.

418 1825 448 1858 7.
476 1825 577 1857 Nocte
603 1828 737 1860 candela
766 1830 890 1862 domum
918 1834 1071 1877 visitavit,

475 1874 574 1906 Prece
599 1876 705 1907 mariti
733 1879 898 1919 coniugem
925 1884 1058 1919 curavit

474 1921 568 1953 Muro
597 1923 742 1962 defixam,
769 1936 860 1965 quam
888 1929 1003 1962 tulerat
1030 1932 1079 1972 ips
1082 1944 1111 1972 a

550 1970 647 2002 Mane
675 1973 833 2007 viderunt.

415 2054 446 2088 8.
475 2055 611 2088 Hortulo
638 2057 703 2097 lupi
731 2060 833 2099 ipsum
862 2061 1061 2107 fugaverunt,

472 2104 689 2137 Anachoritae
714 2116 845 2146 prorsus
871 2119 1055 2154 paruerunt,

473 2151 588 2182 Natam
616 2155 748 2193 curavit
775 2162 867 2195 pater
892 2163 927 2190 ut
953 2163 1087 2201 optavit,

547 2200 662 2232 Morbo
689 2202 802 2237 lunari.

416 2286 447 2317 9.
474 2285 546 2321 1110
574 2287 627 2326 qui
655 2293 749 2327 caput
775 2290 879 2323 iaculo
906 2297 1075 2335 percussit,

472 2333 608 2365 Larvam
636 2335 803 2369 obscenam
830 2342 941 2378 procul
967 2342 1014 2374 ire
1038 2344 1139 2390 iussit,

471 2381 604 2414 Phalma
631 2383 771 2416 divinum
799 2385 874 2419 fecit
900 2393 995 2429 atque
1021 2393 1127 2426 vinum

547 2430 609 2461 Hic
635 2430 820 2466 Guilelmus.
