1653 2656
205 235 236 266 3.
265 234 340 266 Cum
367 239 500 265 mortem
527 234 628 265 diram
658 234 789 274 pertulit
888 238 919 268 4.
948 234 1062 267 Gloria
1085 234 1156 276 tibi,
1183 234 1331 277 Domine,

262 282 475 313 candidatum
506 282 684 322 collegium,
948 281 1157 314 Manifestato
1182 283 1302 325 sidere,

260 331 393 367 Aurum,
420 334 482 367 tus„
509 339 647 361 murram
673 330 791 363 obtulit
947 331 1006 370 Qui
1033 330 1133 362 fortes
1159 330 1192 363 in
1217 332 1394 364 certamine

259 379 436 417 Acceptum
462 377 665 411 sacrificium.
947 379 1115 412 coronasti
1140 379 1172 410 in
1198 379 1339 413 aethere.

278 464 359 489 Brev.
386 462 514 489 Elnense
543 463 610 498 imp.
639 464 808 499 Perpiniani
840 462 920 491 1500.
947 478 978 482 —
999 462 1024 490 2.
1054 462 1072 490 ’2
1095 473 1145 499 per
1165 464 1247 491 fehlt.
1265 478 1302 483 ——
1321 462 1347 497 3,
1369 463 1387 492 2
1407 465 1514 493 Candi-

199 504 268 527 tum.
291 515 327 518 -
348 499 373 529 4,
396 498 413 527 2
435 500 648 527 Manifestatnr.

596 621 662 652 3⁴9.
704 621 745 652 De
767 624 875 653 sancto
897 622 979 653 lusto
1003 623 1110 654 Puero.

704 682 742 708 ln
773 681 796 708 l.
824 682 1009 719 Vesper-is.

200 760 230 790 1.
261 759 377 798 Regem
403 760 566 790 laudemus
591 768 773 802 supernum,
909 764 938 793 6.
967 761 1032 792 Hos
1061 762 1264 793 Belvaeensis
1292 763 1381 805 regio

259 807 317 846 Qui
343 808 474 846 Iustum⁷
502 808 608 838 mitem
635 816 767 847 puerum
969 809 1091 840 Ternos
1118 818 1280 850 regressos
1306 811 1423 850 recipit

258 854 452 891 Novennem,
480 864 538 895 per
563 855 747 896 martyrium
968 858 1002 888 ln
1029 857 1162 897 pulchro
1189 856 1285 890 fontis
1311 859 1434 898 spatio;

254 902 304 933 Ad
333 903 411 933 caeli
439 903 527 934 duxit
554 903 677 935 solium.
966 905 1111 945 Paganus
1136 906 1217 937 iram
1244 907 1393 946 concipit.

222 1013 227 1017 .
254 988 350 1019 Patre
377 988 496 1019 Iustino
522 989 645 1027 genitus
907 991 936 1023 7.
965 992 1041 1022 Cum
1068 989 1168 1022 fratre
1194 996 1288 1032 pater
1313 992 1430 1031 latitat,

256 1036 369 1069 Iustus,
398 1039 498 1066 matre
524 1035 655 1073 Felicia,
963 1040 998 1070 In
1025 1038 1089 1070 fide
1116 1040 1222 1071 Iustus
1248 1039 1375 1077 militat,

253 1083 416 1113 Edocetur
443 1083 604 1121 divinitus,
964 1087 1026 1117 Pro
1055 1095 1117 1126 qua
1143 1091 1239 1127 caput
1265 1087 1338 1118 huic
1362 1087 1508 1120 caeditur

256 1131 323 1169 Qua
349 1135 480 1169 patruus
507 1131 546 1161 sit
573 1132 687 1170 patria.
964 1133 1005 1164 Et
1032 1142 1156 1165 caesum
1184 1135 1269 1174 patri
1295 1135 1459 1175 loquitur:

196 1235 227 1246 ..
256 1216 449 1246 Iustinianus
475 1216 624 1246 mansitat
904 1219 934 1250 8.
963 1218 1016 1249 Me
1039 1220 1132 1250 matri
1158 1224 1251 1258 pater
1278 1219 1406 1252 deferas

254 1263 430 1301 Ambianis,
458 1263 509 1293 hic
535 1263 693 1303 clamitat;
964 1266 1117 1305 Sepulcro
1144 1276 1259 1307 corpus
1286 1268 1417 1309 tradito,

256 1311 367 1347 Audit,
394 1311 521 1350 gaudet,
549 1311 712 1350 egreditur
962 1313 1000 1344 In
1027 1319 1113 1345 terra
1140 1324 1254 1354 corpus
1280 1316 1420 1358 deseras,

256 1359 405 1392 Iustinus,
435 1358 553 1389 Iustum
579 1359 733 1398 sequitur.
961 1362 1065 1402 Caput
1090 1363 1184 1394 matri
1211 1363 1262 1405 da,
1290 1365 1406 1404 rogito.

219 1468 225 1474 .
253 1444 305 1475 Ad
333 1443 449 1475 dictam
476 1446 584 1475 urbem
613 1445 751 1482 veniunt,
901 1448 931 1480 9.
961 1447 1114 1486 Sepulcro
1141 1457 1256 1488 corpus
1283 1449 1435 1487 traditur,

254 1491 386 1522 Collecti
413 1496 484 1522 sunt
510 1492 648 1532 hospitio
959 1495 999 1526 Et
1026 1500 1121 1535 caput
1147 1497 1241 1527 matri
1269 1497 1390 1537 geritur

253 1539 346 1578 Lupi,
374 1538 497 1578 Lupum
525 1540 713 1571 conveniunt
958 1544 1009 1574 Ad
1037 1544 1149 1574 summi
1176 1544 1260 1584 regis
1286 1545 1432 1585 gloriam,

251 1586 353 1626 Super
379 1585 489 1618 fratris
516 1588 637 1618 exsilio.
958 1592 1017 1629 Qui
1045 1592 1132 1623 lusto
1159 1592 1212 1624 dat
1240 1593 1420 1625 victoriam.

194 1674 222 1703 '.
250 1671 443 1703 Iustinianus
471 1673 566 1712 igitur
877 1675 931 1709 10.
959 1676 1007 1707 Sit
1034 1677 1113 1715 laus,
1141 1678 1242 1710 honor
1267 1683 1297 1710 et
1325 1679 1427 1719 gloria

250 1721 277 1750 A
304 1719 394 1758 Lupo
421 1720 519 1759 gratis
546 1721 703 1758 redditur,v
958 1723 1056 1761 Patri,
1082 1730 1170 1767 nato,
1197 1727 1327 1766 spiritui

247 1768 345 1806 Quem
373 1769 478 1799 Iustus
503 1768 585 1799 iuste
610 1768 736 1805 liberat,
958 1771 1083 1814 Sancto,
1113 1774 1201 1805 cuius
1228 1775 1400 1808 clementia

250 1815 393 1854 Ignotum
420 1815 493 1854 quia
518 1821 660 1848 noverat.
957 1820 1049 1851 Cives
1076 1826 1209 1861 regnant
1234 1823 1267 1854 in
1295 1824 1410 1864 patria.

266 1900 349 1926 Brev.
372 1900 591 1928 silvanectense
615 1903 681 1937 imp.
703 1902 827 1930 Parisiis
851 1901 931 1930 1521.
960 1921 994 1924 —
1016 1904 1041 1937 8,
1066 1905 1077 1932 1
1101 1907 1214 1934 deferas
1235 1912 1328 1944 pater.

584 2053 651 2084 350.
693 2054 735 2084 De
762 2056 869 2086 sancto
890 2055 974 2087 lusto
996 2057 1104 2088 Puero.

689 2114 738 2141 Ad
764 2115 1002 2143 Matutinum.

210 2215 216 2221 .
245 2189 363 2221 Noster
397 2191 510 2222 chorus
538 2191 688 2232 hymnum
719 2196 812 2224 canat
872 2195 902 2228 2.
931 2195 1035 2226 Adest
1061 2197 1140 2229 Iusti
1168 2199 1237 2230 dies
1264 2198 1378 2239 festus,

294 2238 430 2280 Christo,
460 2239 526 2278 regi
552 2239 682 2282 gloriae,
976 2244 1043 2283 Quo
1069 2247 1187 2285 gaudet
1212 2248 1361 2286 ecclesia,

245 2286 304 2325 Qui
331 2295 387 2317 nos
412 2287 510 2328 lavat,
535 2288 587 2327 qui
613 2297 670 2318 nos
696 2293 787 2320 sanat
929 2292 1024 2330 Quem
1053 2294 1204 2332 Iustinus.
1232 2297 1282 2328 vir
1311 2297 1475 2341 honestus,

294 2334 342 2365 Ex
370 2334 480 2366 morbo
506 2335 666 2378 tristitiae,
980 2339 1091 2383 Gignit
1118 2343 1158 2375 de
1184 2344 1317 2388 Felicia,

246 2382 292 2413 De
317 2391 378 2422 quo
405 2384 480 2421 vita,
508 2384 594 2416 salus
620 2389 725 2416 manat
931 2387 1027 2420 Cuius
1054 2391 1123 2430 pios
1149 2397 1242 2425 ornat
1269 2398 1378 2435 gestus

292 2431 329 2462 In
357 2431 471 2463 vallem
497 2432 653 2466 miseriae.
977 2436 1140 2472 Novennis
1165 2439 1313 2477 infantia.
