1653 2656
690 157 947 192 -236—

154 260 186 292 3.
214 258 340 297 Septem
369 258 457 289 Iesus
484 255 648 288 daemonia

213 306 317 337 Eiecit
343 305 382 336 de
408 308 449 343 te,
477 304 593 344 Maria,

211 354 298 385 Vera
323 352 412 384 verbi
439 352 598 392 discipula

212 401 361 432 Attendis
388 401 447 431 hoc
473 399 636 431 benevola.

152 512 182 544 4.
212 511 344 541 Plorans
371 510 453 541 inter
480 510 624 541 convivia

211 558 308 597 Rigas
336 557 454 590 Christi
480 557 622 597 vestigia,

210 606 320 645 Tergis
347 606 471 645 capillis
498 605 619 643 sedula⁷

210 653 320 694 Ungis,
346 653 509 693 subiungis
536 653 653 685 oscula.

151 765 181 795 5.
210 762 283 794 Istis
310 763 452 801 placatus
479 763 590 793 hostiis

208 810 363 849 Magister
392 814 423 841 et
448 810 607 850 obsequiis

210 858 355 889 Remittit
381 858 439 889 tibi
466 859 598 889 crimina

208 906 321 943 Multa,
348 915 470 946 magna,
499 907 630 937 diutina.

149 1016 182 1047 6.
210 1016 327 1047 Curata
353 1016 455 1046 Iesum
482 1017 634 1056 sequeris,

208 1063 367 1093 Christum
394 1063 551 1094 sublatum
578 1064 720 1103 quereris

209 1110 251 1141 Et
277 1119 315 1142 ex
341 1110 466 1141 ardoris
493 1111 616 1142 cumulo

209 1158 314 1198 Ipsum
339 1158 464 1197 quaeris
490 1159 522 1189 in
549 1160 677 1191 tumulo.

861 255 892 287 7.

835 1018 889 1049 10.

920 254 1017 286 Mane
1042 262 1114 286 cum
1141 256 1249 286 essent
1274 251 1436 291 tenebrae,

918 301 1040 333 Lumen
1066 301 1176 334 vidisti
1200 300 1336 341 celebre,

918 349 1088 381 Dominum
1114 349 1177 381 tuis
1199 349 1312 389 oculis,

918 398 1008 437 Quod
1032 399 1159 429 nuntias
1186 397 1365 437 discipulis

919 509 1004 540 Hinc
1030 512 1151 540 maesta
1178 508 1278 540 dicis:
1307 506 1462 546 Domine3

916 557 978 588 Hic
1003 560 1034 588 te
1059 559 1152 588 vocat
1177 565 1217 588 ex
1243 555 1380 594 nomine,

917 604 1038 637 Audita
1064 613 1140 636 voce
1165 603 1295 636 Domini

918 653 1018 684 Laeta
1043 652 1241 692 respondes:
1269 651 1427 684 Rabboni.

919 765 1006 796 Iesus
1033 763 1156 794 Mariae
1181 763 1330 802 precibus

918 812 1084 843 Resuscita
1109 820 1177 851 nos,
1205 819 1405 851 quaesumus,

915 861 943 891 A
971 859 1110 898 peccatis
1136 857 1310 890 mortiferis

915 907 956 939 Ut
984 907 1139 938 Lazarum
1165 906 1205 938 ab
1232 905 1354 938 inferis.

916 1016 1012 1048 Pater
1038 1026 1095 1056 per
1120 1017 1315 1056 unigenitum

918 1065 966 1095 Da
993 1065 1138 1104 spiritum
1165 1065 1354 1104 paraclitum

915 1113 958 1144 Et
983 1116 1056 1153 post
1082 1111 1206 1143 felicem
1233 1112 1353 1144 obitum

914 1159 965 1191 Da
991 1160 1081 1191 nobis
1106 1160 1147 1191 ad
1175 1164 1206 1190 te
1231 1161 1411 1193 transitum.

225 1267 331 1300 Hymn.
359 1275 410 1292 nis.
441 1269 469 1293 S.
498 1268 608 1293 Mariae
637 1267 827 1300 Magdalenae
858 1268 1153 1304 Claustroneburgen.
1181 1278 1255 1296 saec.
1282 1267 1356 1295 ¹⁴f'15.
1388 1271 1457 1296 Cod.

149 1305 463 1340 (Jlaustroneoburgen.
486 1304 548 1331 996.
573 1306 603 1331 A.
624 1320 655 1323 —
678 1306 784 1340 Hymn.
808 1314 858 1332 ms.
875 1307 903 1333 S.
918 1307 1030 1333 Mariae
1045 1307 1238 1342 magdalenae
1254 1307 1458 1335 Claustroneo-

148 1343 267 1377 burgen.
298 1341 362 1369 999.
394 1344 424 1369 Β.
454 1357 487 1360 —
512 1344 617 1378 Ilymn.
644 1353 695 1369 ms.
726 1346 754 1371 S.
784 1345 896 1371 Mariae
924 1345 1117 1380 Magdalenae
1139 1345 1458 1381 claustroneoburgen.

147 1382 214 1406 anni
242 1379 321 1407 1336.
339 1381 407 1407 (jod.
426 1381 739 1416 claustr·›neotum-gen.
755 1381 837 1409 1000.
854 1383 884 1409 C.
905 1397 934 1400 —
951 1384 1035 1409 Brev.
1051 1393 1101 1409 nis.
1117 1384 1458 1420 Claustr·z›neol›urgense

147 1427 220 1444 samu
254 1418 295 1445 14.
323 1420 361 1445 in.
391 1419 458 1445 eod.
489 1420 804 1455 Claustrsrneoburgen.
837 1419 916 1447 1200.
945 1422 979 1447 Ι).
1009 1436 1043 1440 -
1077 1422 1184 1456 Hymn.
1214 1432 1265 1448 ms.
1292 1425 1321 1449 S.
1345 1423 1458 1451 Mariae

146 1457 340 1489 Magdalenae
355 1458 668 1491 Claustroneoburggen.
686 1468 760 1485 saec.
779 1457 852 1486 ¹3su.
864 1459 932 1486 flod.
947 1460 1261 1496 Claustroneoburgen.
1280 1460 1361 1488 1001.
1375 1462 1409 1489 Ε.
1422 1477 1458 1481 -

145 1493 171 1524 4,
194 1494 211 1520 4
235 1496 326 1529 Nugis
349 1496 501 1531 subiungit<
526 1497 553 1522 1³„
576 1511 612 1515 —
634 1496 659 1525 5,
683 1495 699 1522 ‘2
721 1497 792 1523 fehlt
814 1497 846 1523 A.
871 1512 904 1515 —
927 1495 951 1528 7,
974 1496 991 1523 3

1012 1499 1071 1524 suis
1093 1498 1184 1525 oculis
1208 1499 1319 1526 ABCD.
1346 1514 1376 1518 —

541 1707 607 1738 393.
651 1709 691 1738 De
714 1718 737 1738 s.
761 1707 858 1739 Maria
880 1708 1070 1748 Magdalena.

146 1811 175 1842 1.
207 1811 357 1850 Magnum
384 1811 494 1842 salutis
521 1811 669 1850 gaudium

207 1858 276 1890 Hoc
303 1858 420 1889 clarum
449 1859 581 1898 praebet
606 1860 768 1900 speculum

205 1906 352 1945 Exempli
377 1907 601 1948 paenitentiae,

206 1953 349 1985 Dilectae
378 1954 497 1987 Christi
523 1955 656 1986 Mariae.

144 2065 176 2098 2.
209 2064 377 2095 Cantemus
402 2074 508 2095 omnes
535 2059 681 2104 dulciter,

205 2112 283 2151 Quia
310 2112 560 2144 misericorditer

206 2159 333 2190 Florem
361 2160 501 2199 respexit
529 2161 652 2193 aridum

204 2208 302 2245 Iesus,
330 2207 387 2239 fios
412 2207 500 2240 floris
528 2209 694 2249 virginum.

142 2319 175 2350 3.
205 2318 290 2349 Rore
317 2318 397 2349 caeli
422 2317 637 2362 perfunditur,

202 2365 284 2396 Dum
309 2375 364 2406 pes
392 2366 507 2398 Christi
535 2367 730 2407 perungitur,

203 2413 305 2453 Culpa
331 2414 455 2446 deletur
481 2415 624 2447 clanculo

203 2461 389 2494 Devotionis
417 2463 534 2496 osculo.

830 1815 862 1844 4.

889 1813 1044 1844 Peccator
1070 1814 1128 1845 hoc
1154 1817 1336 1848 considerat

888 1861 929 1892 Et
956 1862 1129 1894 invidendo
1155 1871 1342 1902 murmurat,

890 1908 1007 1940 Dicens
1034 1911 1222 1950 prophetam
1249 1915 1389 1946 nescium

892 1957 1059 1988 Praestare
1086 1959 1284 1993 beneficium.

854 2093 861 2100 ,
889 2067 1061 2099 Exsultent
1087 2070 1171 2101 cives
1194 2071 1315 2115 caelici,

892 2115 1008 2146 Omnes
1032 2117 1119 2148 chori
1146 2117 1331 2162 hymnidici,

892 2162 1075 2195 Laudantes
1101 2165 1203 2197 Deum
1229 2168 1366 2201 iubilant

891 2211 926 2241 In
955 2211 1013 2242 hoc
1040 2211 1132 2252 festo,
1159 2216 1244 2254 quod
1272 2218 1446 2253 celebrant.

889 2321 1012 2353 Mariae
1040 2322 1156 2356 festum
1183 2327 1289 2367 agitur

889 2369 1111 2412 Magdalenae,
1139 2374 1224 2413 quod
1250 2377 1366 2409 colitur

886 2417 938 2449 Ab
964 2419 1111 2452 omnibus
1136 2421 1286 2455 fidelibus

884 2465 1015 2498 Devotis
1041 2478 1168 2509 semper
1192 2472 1354 2507 laudibus,
