1653 2656
754 133 1011 167 —100'—

634 255 694 286 179.
737 254 777 286 De
799 255 906 285 sancto
928 251 1128 292 Brinnolplio.

720 319 772 346 Ad
798 320 1042 347 Nocturnum.

228 405 260 438 1.
287 405 399 436 Noctis
426 405 487 436 iam
514 404 609 435 cedat
634 405 743 446 otium,
913 404 944 436 3.
974 402 1199 434 Doctrinarum
1226 401 1353 441 eloquia

287 452 336 484 Sit
362 462 449 484 mens
476 452 592 483 dixinis
619 452 739 489 dedita,
971 450 1082 481 Nubes
1107 453 1141 481 ut
1167 449 1286 480 imbres
1313 448 1458 490 protulit,

290 500 403 540 Surgat
432 500 545 531 chorus
571 499 713 530 fidelium
972 498 1092 537 Quibus
1119 497 1228 529 divina
1253 497 1358 538 gratia

287 548 437 579 Laudans
463 547 523 579 Dei
548 548 716 587 magnalia.
972 546 1149 578 Multorum
1175 545 1287 577 sordes
1312 544 1422 577 abluit.

231 639 264 670 2.
291 638 349 670 Vir
372 643 500 671 sanctus
526 647 560 669 se
589 638 728 670 diluculo
914 640 946 671 4.
974 637 1117 669 Pastoris
1135 636 1188 668 hic
1212 635 1350 668 officium

287 686 356 718 Deo
381 690 538 717 maturum
564 686 699 718 tradidit
973 685 1152 724 Diligenter
1178 684 1332 722 exercuit,

287 734 330 765 Et
356 743 436 772 puro
462 733 576 765 mentis
599 734 690 765 oculo
972 733 1035 764 Per
1059 733 1175 764 mentis
1201 731 1397 764 desiderium

286 780 420 813 Divinas
446 781 557 813 laudes
583 782 697 815 edidit.
973 781 1039 812 Soli
1067 781 1134 812 Deo
1161 780 1363 820 complacuit.

596 876 626 905 5.
655 873 701 904 Sit
728 873 787 904 tibi
812 873 893 912 laus,
921 881 938 904 o
965 873 1103 904 trinitas.

305 961 389 988 Brev.
411 962 553 988 Scarense
574 962 643 996 imp.
666 963 876 997 Norimbergae
901 959 981 988 1498.
1004 975 1039 979 -
1061 961 1128 997 vgl.
1150 961 1317 995 Klemmiug
1337 959 1361 991 I,
1383 957 1428 986 64.

638 1111 698 1141 180.
740 1111 779 1141 De
803 1113 910 1141 sancto
933 1110 1131 1150 Brinnolplio.

767 1176 819 1202 Ad
845 1176 1001 1202 Laudes.

232 1258 263 1290 1.
291 1258 417 1289 Aurora
443 1258 522 1289 lucis
541 1258 650 1290 rutilat
913 1259 945 1291 3.
973 1258 1082 1289 Donec
1109 1266 1147 1289 ex
1174 1257 1351 1289 visionibus

288 1305 376 1335 Dans
402 1306 497 1336 terris
524 1315 627 1337 rorem
655 1306 817 1343 melicum,
973 1305 1075 1336 Tanta
1103 1306 1198 1337 datur
1221 1305 1356 1336 audacia

291 1352 425 1390 Quando
451 1353 667 1393 Brinnolphus
694 1353 804 1392 vigilat
971 1353 1126 1392 Birgittae
1151 1353 1213 1384 iarn
1241 1352 1446 1392 poscentibus

288 1399 392 1440 Super
417 1409 542 1441 gregem
570 1401 771 1433 dominicum.
971 1401 1073 1432 Deum
1099 1410 1157 1441 pro
1183 1410 1238 1432 sua
1265 1399 1379 1440 gratia.

229 1493 262 1522 2.
292 1489 356 1522 Sed
383 1490 468 1521 caeci
494 1499 550 1521 suo
576 1491 698 1522 scelere
916 1494 947 1525 4.
976 1491 1113 1531 Surgunt
1141 1501 1223 1522 nova
1249 1491 1403 1522 miracula

292 1537 454 1569 I'raeclari
480 1538 540 1569 viri
567 1539 680 1569 merita
976 1539 1159 1578 Lumenque
1184 1539 1287 1570 latens
1314 1538 1478 1578 panditur,

291 1585 363 1616 Non
389 1590 561 1625 potuerunt
587 1595 727 1620 cernere.
975 1588 1002 1618 A
1032 1587 1230 1618 diversorum
1257 1586 1381 1618 macula

293 1633 386 1664 Stant
412 1642 486 1673 ergo
514 1633 559 1664 sic
585 1633 783 1675 abscondita,
975 1635 1160 1666 Morborum
1186 1635 1277 1674 plebs
1304 1635 1449 1675 eripitur.

598 1727 628 1757 5.
657 1724 704 1756 Sit
731 1725 788 1756 tibi
816 1726 895 1767 laus,
922 1735 940 1756 o
966 1726 1105 1758 trinitas,

306 1815 390 1841 Brev.
412 1814 553 1841 Scarense
574 1816 643 1849 imp.
667 1815 877 1850 Norimbergae
902 1813 984 1842 1498.
1007 1830 1042 1833 —
1064 1815 1130 1852 Vgl.
1151 1815 1320 1852 Klemming
1340 1817 1363 1847 Ι,
1384 1814 1430 1843 69.

684 1965 737 1996 181.
780 1965 820 1996 De
842 1967 949 1996 sancto
970 1964 1088 1997 Brioco.

234 2051 265 2082 1.
292 2051 408 2083 Festus
434 2050 495 2082 Dei
521 2050 668 2083 fidelibus
918 2053 949 2084 3.
977 2051 1080 2082 Huius
1106 2051 1193 2084 beati
1219 2053 1333 2084 merita

289 2098 367 2130 Dies
392 2099 513 2130 relucet
538 2109 671 2139 annuus,
978 2099 1164 2131 Produntur
1189 2109 1248 2140 per
1273 2102 1437 2143 miracula.⁷

292 2145 464 2178 Confessor
488 2147 519 2178 in
547 2157 608 2187 quo
633 2147 749 2179 nobilis
977 2147 1096 2185 Quibus
1124 2147 1274 2188 fugantur
1300 2149 1480 2193 daemones,

290 2194 402 2226 Polum
428 2195 574 2227 Briocius
601 2195 696 2229 subit.
979 2195 1172 2228 Redduntur
1197 2197 1285 2238 aegri
1312 2198 1461 2239 sospites.

236 2287 267 2318 2.
293 2286 354 2325 Qui
379 2287 549 2318 sanctitate
574 2287 750 2328 praeditus,
920 2289 952 2320 4.
980 2287 1074 2319 Hunc
1099 2297 1175 2328 ergo
1201 2291 1283 2322 votis
1309 2290 1455 2322 omnibus

292 2334 454 2366 Virtutum
479 2335 578 2375 signis
603 2335 743 2373 inclitus,
980 2336 1128 2368 Petamus
1154 2341 1250 2377 atque
1273 2338 1435 2377 laudibus,

292 2383 382 2414 Inter
408 2383 520 2415 choros
547 2383 728 2415 sublimium
979 2384 1074 2416 Tanti
1100 2386 1228 2424 patroni
1255 2395 1426 2419 consonum

291 2429 384 2462 Felix
411 2430 549 2472 refulget
574 2432 769 2472 praesulum.
977 2431 1073 2464 Vocis
1099 2434 1233 2466 resultet
1258 2444 1421 2475 organum.
