1653 2656
722 142 986 177 —141—

538 263 608 294 240.
650 263 692 295 De
715 272 755 295 ss.
778 263 862 303 Fide,
884 265 944 306 Spe
965 267 997 296 et
1018 265 1166 297 caritate.

731 324 781 351 Ad
810 325 965 353 Laudes.

183 398 214 432 1.
241 397 341 430 Trine
368 398 457 430 Deus
487 403 582 440 atque
609 411 681 440 une,
879 405 911 437 3.
939 403 1032 435 Felix
1060 405 1139 441 dies,
1167 415 1247 445 quae
1274 415 1441 445 germanas

289 446 403 478 laudes
429 447 488 478 tibi
517 450 696 489 pangimus,
987 453 1044 484 has
1070 453 1101 484 in
1130 453 1233 484 lucem
1260 454 1405 494 protulit,

240 493 298 534 Qui
324 494 384 526 sub
410 498 489 536 typo
516 497 672 529 trinitatis
938 500 1031 531 Felix
1058 505 1156 539 terra,
1184 511 1265 541 quae
1291 506 1453 533 tantarum

285 542 317 574 in
345 543 500 574 virtutum
527 545 622 577 trivio
989 550 1105 580 renitet
1132 550 1330 591 pignoribus,

235 590 365 630 Fidem,
394 590 491 631 Spem
518 596 550 623 et
577 594 753 626 Caritate-m
937 596 1031 628 Felix
1059 597 1174 628 chorus
1200 598 1384 638 angelorum

283 639 443 671 ordinasti
470 640 622 680 virgines.
984 643 1109 685 fulgens
1137 646 1184 676 his
1211 646 1424 686 lampadibus,

174 728 206 762 2,
232 725 355 758 Harum
385 729 488 757 mater
514 732 746 768 consequenter
869 732 902 763 4.
931 731 995 762 Vos
1022 741 1200 771 precamur,
1229 733 1331 764 almae
1360 733 1481 765 Christi

281 773 368 806 dicta
395 774 573 815 Sapientia,
979 780 1118 819 virgines
1146 785 1175 811 et
1204 786 1372 820 martyres,

230 823 332 855 Laeta
358 826 462 854 mater
488 832 526 854 ex
553 828 712 862 proventu
929 827 1007 859 Cum
1036 833 1179 869 parente,
1208 838 1289 868 quae
1317 839 1372 861 vos
1396 830 1492 869 digna

278 869 358 902 felix
384 871 491 903 trinae
517 872 648 911 sobolis,
978 874 1039 907 fuit
1066 877 1146 907 tales
1173 877 1313 917 gignere,

230 920 318 959 Quae
343 919 480 951 virtutes
506 924 622 960 gerunt.
648 926 765 958 mente,
928 923 972 955 Ut
999 924 1098 954 oretis
1126 925 1211 964 apud
1239 925 1342 956 Deum

280 977 358 1008 quas
385 972 501 1008 gerunt
527 968 558 999 in
587 969 725 1003 nomine.
978 981 1038 1010 pro
1065 973 1183 1003 nostris
1210 973 1395 1004 sceleribus.

536 1057 566 1087 5.
596 1053 643 1086 Sit
670 1054 740 1086 laus
767 1055 852 1086 omni
881 1057 1032 1094 creatori,

636 1103 689 1142 qui
717 1112 773 1135 vos
800 1103 881 1134 tales
911 1104 1024 1144 edidit,

593 1150 698 1182 Decus
725 1151 795 1189 soli,
825 1152 922 1183 decus
949 1153 1014 1192 poli

637 1202 668 1229 et
695 1198 792 1230 decus
818 1200 1002 1232 mortalium

590 1246 683 1278 Nunc
709 1251 740 1278 et
766 1256 894 1287 semper
920 1253 949 1279 et
976 1249 1008 1280 in
1036 1251 1158 1281 cunctis

635 1296 835 1326 saeculorum
863 1298 1009 1330 saeculis.

243 1382 326 1408 Brev.
350 1390 403 1408 ms.
427 1380 612 1408 eadm-oense
635 1389 710 1407 saec.
736 1380 778 1408 14.
801 1382 871 1409 Cod.
894 1383 1052 1410 Vuravieu.
1076 1383 1111 1410 ’Π
1132 1382 1222 1419 [1571.

555 1533 620 1564 241.
662 1533 696 1564 In
717 1534 932 1565 translatione
955 1543 977 1565 s.
1000 1535 1094 1566 Fidis.

429 1615 458 1647 1.
486 1614 512 1647 O
539 1623 632 1654 quam
661 1615 747 1646 laeta
774 1615 842 1647 dies
871 1616 985 1648 emicat
1011 1617 1082 1659 ista,

483 1663 628 1703 Agennis
655 1672 714 1695 nec
741 1664 801 1695 erit
831 1665 955 1696 tristior
982 1665 1058 1700 ulla,

486 1712 521 1742 ln
549 1720 609 1751 qua
636 1712 724 1752 virgo
752 1712 851 1744 Fides
879 1718 1003 1753 martyr
1030 1720 1059 1746 et
1087 1715 1158 1754 ipsa

485 1759 594 1791 Servis
621 1760 718 1800 plena
741 1762 810 1800 suis
836 1762 955 1802 gaudia
982 1768 1138 1802 praestat.

424 1848 455 1879 2.
486 1847 587 1879 Nobis
614 1852 677 1879 tam
706 1848 845 1880 salubris
872 1850 961 1882 nulla
989 1850 1105 1893 refluit,

483 1896 583 1936 Quam
611 1897 770 1929 translata
796 1897 895 1930 Fides
921 1899 1012 1939 virgo
1039 1900 1189 1936 sacravit,

481 1945 561 1978 Cum
587 1949 715 1977 nostras
742 1946 843 1978 voluit
871 1947 975 1979 visere
1002 1948 1158 1990 Conchas,

480 1992 597 2025 Sedem
623 2003 766 2034 quasque
792 1995 854 2026 sibi
881 1996 993 2036 deligit
1020 1997 1102 2036 ipsa.

419 2081 450 2114 3.
480 2081 551 2113 Iota
577 2081 640 2112 rite
669 2081 720 2113 die
747 2083 889 2114 carmine
915 2083 1028 2114 laudes

477 2129 716 2163 Conchacensis
744 2131 772 2162 ei
800 2131 906 2163 contio
933 2135 1051 2171 cantet,

474 2177 529 2220 Ut⁷
558 2187 640 2218 quae
666 2183 797 2218 praesto
823 2184 930 2211 manet
959 2189 1094 2219 corpore
1123 2189 1289 2220 praesens,

475 2226 580 2258 Nobis
606 2227 727 2259 auxilio
754 2237 817 2260 non
845 2228 886 2259 sit
909 2231 941 2259 et
967 2228 1094 2261 absens.

413 2314 447 2346 4.
475 2313 580 2354 Supra
606 2323 698 2354 quam
727 2314 835 2346 valeat
862 2314 971 2356 lingua
999 2314 1132 2357 profari,

478 2362 646 2394 Praeclari
672 2362 779 2394 meriti
807 2363 947 2394 maxima
973 2368 1107 2403 martyr,

476 2409 618 2443 Nostrae
643 2411 807 2452 percipias
835 2412 961 2443 cantica
986 2412 1104 2453 laudis,

469 2459 535 2492 Per
558 2463 591 2491 te
618 2468 709 2499 spem
735 2459 876 2500 gerimus
902 2469 999 2500 posse
1024 2461 1139 2494 iuvari.
