1653 2656
719 143 976 180 —304—

194 251 225 284 3.
253 249 301 281 lbi
335 248 430 278 draco
455 255 546 286 quam
573 244 730 284 pessimus

252 298 342 329 Inter
371 302 523 326 cavernas
549 293 700 323 montium

254 343 391 376 Latebat
415 342 455 374 ad
483 341 612 372 exitium

253 391 506 425 Christianorum
534 389 684 421 omnium.

192 477 224 508 4.
252 474 314 506 Per
339 472 494 503 Lazarum
521 470 704 510 episcopum

253 521 369 552 Preces
397 518 574 550 funduntur
599 517 751 557 omnium,

252 570 295 602 Ut
323 578 340 599 a
366 567 421 598 tali
449 566 591 606 periculo

255 617 427 648 Canensem
455 614 556 645 salvet
583 613 746 654 populum.

193 702 223 731 5.
253 697 348 729 Cuius
374 705 485 735 preces
513 695 685 726 exaudiens

253 746 357 783 Prope
383 744 564 783 speluncam
592 742 739 774 veniens:

252 793 276 825 Ο
304 791 371 823 fera
398 791 635 827 immanissima,

254 840 375 879 Linque
402 840 516 870 montis
543 838 717 871 cacumina.

193 922 223 954 6.
253 921 314 953 Per
341 919 482 951 crucifixi
509 920 623 950 merita

252 968 329 1000 Alta
355 967 507 1007 profundi
532 972 674 1009 penetra,

253 1016 294 1048 Ut
321 1025 338 1046 a
364 1021 418 1047 tua
444 1014 580 1055 perfidia

254 1064 335 1094 Tota
361 1068 513 1103 purgetur
539 1063 653 1102 patria.

197 1145 228 1176 7.
255 1145 350 1176 Cuius
377 1153 470 1175 voces
497 1149 528 1175 et
553 1144 693 1175 carmina

253 1191 338 1222 Fera
364 1192 532 1223 intendens
560 1191 672 1232 bestia⁷

255 1240 420 1278 Frangens
446 1239 560 1270 montis
589 1240 749 1270 cacumina

256 1287 355 1317 Tenet
383 1287 489 1326 abyssi
515 1287 633 1319 limina.

276 1371 432 1398 Colli—etan.
463 1380 515 1397 ms.
536 1373 619 1400 (Acta
641 1372 692 1398 SS.
715 1379 767 1397 ms.
789 1371 868 1406 Sept.
890 1376 918 1398 et
939 1371 1013 1402 (rtet.)
1034 1372 1185 1397 Constant.
1209 1370 1343 1397 Caietani
1366 1378 1441 1397 saec.
1466 1368 1510 1396 17.

905 241 937 273 8.
966 240 1042 272 Post
1067 239 1223 270 clamores
1249 233 1410 265 hominum

880 694 933 726 10.

882 919 936 951 11.

884 1144 936 1175 12.

965 287 1079 320 Statim
1105 284 1254 325 relinquit
1279 281 1399 318 Tirum,

966 335 1054 369 Clam
1081 335 1167 366 venit
1191 332 1231 364 ad
1257 329 1409 362 Tirelium

966 386 1003 417 In
1029 384 1094 416 alto
1122 390 1210 415 mare
1232 379 1380 420 positum.

965 467 1025 504 Ibi,
1053 466 1237 504 redemptor
1261 460 1411 495 omnium,

964 516 1027 548 Per
1053 521 1192 549 corvum,
1219 515 1304 541 tuum
1332 506 1488 545 nuntium,

964 563 1067 595 Carne
1093 566 1252 593 taurorum
1280 555 1441 596 pinguium

963 610 1086 643 Pavisti
1110 613 1195 640 tuum
1223 605 1384 637 famulum.

960 691 1085 724 Deinde
1110 690 1169 722 Dei
1197 687 1332 719 famulus

963 739 1144 779 Corripitur
1170 747 1187 768 a
1214 734 1367 771 febribus,

963 789 1103 819 Vocatur
1128 786 1169 817 ad
1193 782 1385 817 consortium

961 836 1130 868 Beatorum
1157 832 1335 873 spirituum.

964 917 1112 956 Sepultus
1139 925 1157 946 a
1184 913 1332 946 fidelibus

964 966 1040 997 Cum
1068 964 1199 995 canticis
1226 967 1257 992 et
1281 959 1441 999 laudibus,

964 1013 1027 1046 Ubi
1053 1015 1123 1051 post
1151 1011 1248 1042 breve
1272 1009 1410 1050 spatium

965 1061 1077 1100 Coepit
1103 1067 1232 1090 manare
1259 1058 1374 1090 oleum.

964 1142 1188 1174 Infirmitatum
1214 1149 1332 1181 genera

963 1190 1074 1222 Omnia
1101 1198 1214 1221 curans
1242 1197 1387 1228 corpora,

962 1238 1055 1269 Nunc
1080 1246 1207 1277 semper
1234 1241 1265 1268 et
1288 1245 1346 1276 per
1370 1236 1486 1272 omnia,

965 1287 1026 1318 Per
1051 1285 1176 1316 infinita
1202 1285 1339 1318 saecula.

198 1409 267 1437 Cod.
290 1409 476 1435 Alexandr-in.
500 1408 543 1435 95.
567 1424 600 1427 —
627 1409 650 1441 l,
672 1408 690 1436 4
710 1410 804 1436 Tuurn
826 1409 904 1436 fehlt.
930 1425 962 1428 —
985 1406 1010 1439 8,
1037 1408 1049 1435 1
1074 1418 1115 1443 sq.
1138 1409 1210 1436 fehlt
1227 1409 1257 1444 je
1279 1410 1345 1436 eine
1367 1409 1458 1436 silbe.

626 1540 686 1571 512.
729 1541 769 1571 De
791 1541 901 1571 sancta
923 1540 1076 1571 Victoria.

201 1619 231 1651 1.
261 1620 360 1658 Virgo
388 1620 516 1659 Christi,
546 1620 695 1658 Victoria,

259 1667 463 1706 Balueoregis
489 1667 589 1707 gloria

260 1714 371 1753 Sisque
398 1718 506 1745 nostra
532 1715 682 1745 memoria

261 1762 374 1793 Coram
402 1761 528 1792 Christo
555 1770 612 1800 per
639 1762 752 1794 omnia.

202 1843 233 1874 2.
261 1842 362 1873 Huius
389 1842 497 1873 mundi
524 1841 672 1873 sublimia

261 1889 389 1929 Sprevit
416 1889 628 1923 delectabilia.

263 1938 402 1969 Credens
429 1937 612 1978 invisibilia,

262 1985 402 2025 Sequens
430 1985 548 2017 Christi
575 1985 717 2025 vestigia.

257 2066 381 2098 Relicta
409 2066 476 2097 viro
501 2066 627 2106 penitus

260 2114 303 2145 Et
331 2115 425 2146 docta
451 2114 539 2153 virgo
565 2114 697 2145 caelitus

201 2068 230 2100 5⁶0

258 2161 374 2193 Divino
400 2165 477 2192 nutu
504 2163 661 2193 credimus

258 2209 318 2240 His
343 2210 505 2240 immorari
530 2209 671 2242 sedibus.

200 2297 233 2327 4.
263 2295 321 2326 Est
348 2294 520 2325 Triculana
546 2294 669 2335 civitas,

262 2342 326 2376 Ubi
353 2342 453 2374 multa
480 2341 669 2380 sublimitas,

265 2391 458 2430 Populorum
485 2389 636 2421 fertilitas

261 2439 403 2478 Eratque
433 2443 505 2470 tunc
531 2438 664 2472 utilitaS.

880 1623 911 1653 5.
940 1620 1003 1651 Sed
1031 1621 1128 1651 draco
1155 1620 1278 1651 cunetis
1305 1620 1441 1660 saevior,

892 2298 923 2330 8.

942 1667 1143 1699 Draconibus
1169 1667 1348 1707 sublimior,

943 1716 1062 1747 Taetro
1090 1723 1212 1746 veneno
1239 1715 1370 1755 nigrior,

943 1762 1134 1794 Morabatur
1159 1763 1303 1795 interior.

910 1869 916 1875 .
945 1842 1042 1882 Virgo
1066 1843 1190 1883 signata
1216 1845 1338 1884 pariter

947 1891 1042 1930 Signo
1069 1892 1171 1923 crucis
1198 1894 1382 1932 perenniter

946 1938 1014 1989 Sibi
1040 1941 1203 1980 praecepit
1229 1939 1366 1984 fortiter,

946 1990 1013 2025 Quo
1039 1993 1186 2028 pergeret
1212 1991 1362 2023 suaviter.

913 2093 920 2099 .
948 2068 1031 2099 Voce
1058 2070 1144 2101 cuius
1170 2073 1361 2111 perterritus

948 2116 1074 2148 Timens
1100 2119 1210 2150 mortis
1236 2120 1382 2153 interitus

946 2165 1024 2196 Inde
1051 2165 1130 2206 fugit
1158 2168 1304 2208 celeriuS,

945 2212 1109 2253 Nunquam
1139 2217 1222 2248 visus
1249 2218 1392 2251 ulterius.

953 2299 1112 2339 Virginum
1141 2301 1256 2334 chorus
1282 2309 1424 2345 venerat,

950 2347 1026 2378 Cum
1054 2349 1175 2390 virgine
1201 2351 1256 2390 qui
1282 2354 1430 2390 steterat,

949 2395 1066 2433 Quibus
1094 2398 1271 2430 doctrinam
1300 2398 1446 2439 dederat,

949 2443 1041 2476 Unde
1067 2450 1190 2485 pestem
1216 2446 1384 2478 reiecerat.
