1653 2656
749 152 1009 188 —124—

313 256 370 288 15.
398 255 459 287 Per
484 254 625 286 citharae
650 256 775 284 cantum
802 248 997 290 praenoscis,
1024 246 1102 287 quid
1127 246 1170 278 sit
1193 245 1366 286 agendum,

443 302 537 335 Unde
562 305 693 340 repente
718 299 822 330 locum
848 296 970 329 deseris
996 298 1091 334 atque
1115 293 1270 326 habitum.

394 349 566 390 Spiritibus
589 348 707 379 sanctis
729 346 867 378 sociatus
892 343 1037 376 acumine
1063 342 1178 373 mentis

444 397 545 437 Kyrie
571 396 689 427 eleison
716 403 768 425 cos
794 392 990 425 coniubilare
1016 389 1145 430 probas.

393 446 446 477 Ad
472 444 624 483 templum
649 448 744 474 noctu
770 440 898 472 Domini
923 438 1093 479 genetricis
1119 441 1245 468 euntem

311 495 367 526 20.
442 492 542 524 Obvia
569 500 638 522 cnm
664 490 757 521 sociis
783 487 903 527 excipit
929 487 999 526 ipsa
1024 493 1152 524 parens.

396 539 595 572 Praecedunt
622 538 715 568 binae
741 545 849 567 versus
875 533 1070 566 modulando
1095 532 1234 573 puellae,

440 587 551 618 Dulcis
576 594 664 617 amor
691 584 809 616 Christi
835 585 986 622 personat
1011 589 1066 612 ore
1091 580 1163 620 pio:

394 635 519 667 Primus
544 633 586 666 ad
612 633 675 664 ima
701 632 763 663 ruit
788 639 903 670 magua
929 629 969 660 de
993 629 1064 660 luce
1089 626 1256 668 superbus,

442 683 493 714 Sic
520 682 624 720 homo,
652 689 720 711 cum
748 679 871 711 tumuit.
898 678 1020 717 primus
1047 675 1087 707 ad
1113 676 1176 706 ima
1202 675 1278 706 ruit.

313 733 370 764 25.
397 731 473 762 Mox
500 735 530 760 te
557 728 724 768 spirituum
752 730 932 758 sanctorum
959 725 1066 756 visitat
1093 723 1173 755 ordo

441 778 548 817 Teque
574 785 662 807 suum
690 775 831 806 vocitans
857 773 962 804 suadit
989 772 1080 804 adire
1106 771 1218 803 Deum.

396 827 462 857 lam
490 826 572 856 vitae
598 828 698 854 metas
724 823 846 854 inducit
875 821 1018 860 corporis
1045 823 1143 853 aetas,

444 873 562 904 Laetus
589 876 618 902 et
646 871 797 910 angelicis
823 869 973 900 insereris
1000 867 1118 908 cuneis,

397 921 583 953 Conduntur
608 919 703 950 terris
730 922 818 949 artus
842 922 871 948 et
898 916 1029 955 spiritus
1056 916 1164 954 astris,

315 972 370 1003 30.
445 969 512 1008 Quo
539 967 597 998 tibi
624 976 682 1006 pro
708 966 830 996 meritis
857 965 959 1005 gloria
986 971 1102 1002 perpes
1129 962 1201 993 erit.

397 1017 474 1047 Tam
496 1024 585 1047 sacer
611 1015 754 1051 antisteS,
781 1012 902 1046 Christi
927 1011 1102 1042 reverende
1125 1009 1268 1049 coheres,

444 1063 637 1095 Coniunctus
663 1061 788 1100 superis
815 1059 970 1091 auxiliare
995 1059 1068 1090 tuis.

397 1111 485 1150 Quod
514 1110 597 1150 parit
622 1110 653 1140 in
680 1108 771 1140 nobis
796 1107 915 1138 terreni
942 1105 1049 1137 fervor
1074 1104 1201 1137 amoris.

445 1160 508 1190 Per
534 1163 565 1188 te
593 1158 736 1195 detergat
764 1160 868 1187 castus
895 1163 992 1189 amor,
1019 1153 1164 1185 Domine.

315 1209 370 1241 35.
399 1206 450 1238 Sic
475 1214 598 1245 quoque
625 1205 777 1240 vivamus,
804 1207 837 1234 ut
865 1202 974 1234 Chrito
999 1200 1264 1239 complaceamus‚

444 1253 504 1292 Qui
530 1261 586 1284 nos
612 1257 742 1283 aeterna
767 1255 909 1281 muneret
936 1249 968 1280 in
991 1248 1097 1288 patria

398 1301 438 1332 Et
466 1300 563 1332 faciat
590 1309 693 1330 secum
722 1298 832 1329 felices
859 1306 949 1328 omne
974 1305 1032 1336 per
1058 1304 1169 1327 aevum

446 1349 572 1386 Vivere,
601 1356 661 1386 quo
685 1347 788 1378 luctus
814 1354 876 1376 non
903 1345 962 1375 erit
989 1348 1042 1375 aut
1069 1343 1214 1383 gemitus.

398 1397 485 1436 Quod
512 1400 604 1435 pater
630 1399 659 1425 et
686 1398 790 1434 natus,
817 1392 901 1432 quod
928 1391 1018 1423 nobis
1045 1391 1178 1430 spiritus
1205 1389 1308 1420 almus

316 1446 370 1477 40.
445 1442 607 1475 Conferat.
634 1443 712 1481 ipse⁷
741 1441 825 1480 quod
852 1444 909 1477 est,
938 1447 1064 1478 semper
1089 1438 1206 1476 ubique
1232 1445 1374 1469 manens

308 1529 427 1556 Collect.
449 1537 501 1555 ms.
524 1528 736 1554 Cantuarieuse
753 1534 827 1552 saec.
853 1522 895 1551 1‘2.
918 1524 986 1550 Cod.
1010 1523 1082 1550 Coll.
1099 1524 1184 1557 corp.
1203 1521 1313 1548 Christi
1334 1520 1546 1556 Canmbrigen.

232 1567 296 1596 371.
329 1583 363 1586 —
392 1567 446 1593 Als
474 1566 593 1593 Refrain
622 1565 696 1591 nach
721 1564 816 1599 jedem
844 1562 1002 1590 Distichon
1033 1560 1237 1588 abwechselud
1266 1560 1302 1585 V.
1333 1559 1344 1587 l
1377 1559 1435 1586 und
1463 1557 1489 1586 2.
1512 1573 1547 1578 —

232 1606 380 1633 Abschrit't
402 1615 458 1631 von
481 1605 551 1631 Rev.
575 1605 610 1630 11.
633 1604 671 1629 M.
694 1603 859 1628 Bannister.

652 1705 713 1735 210.
755 1705 795 1734 De
817 1706 927 1734 sancta
948 1702 1123 1734 Elisabeth.

688 1765 737 1791 Ad
764 1766 861 1792 Noct.
889 1767 922 1791 et
948 1763 1097 1790 Laudes.

237 1849 269 1882 1,
297 1843 465 1880 Elisabeth
491 1843 661 1884 praeconia
923 1845 952 1873 4.
981 1837 1059 1872 Zelo
1086 1849 1199 1879 magno
1227 1839 1397 1878 concaluit,

300 1895 412 1927 Clerus
440 1893 605 1932 depromat
633 1890 738 1922 hodie.
983 1888 1071 1920 Haec
1098 1888 1262 1928 speculum
1287 1887 1468 1919 munditiae

296 1942 339 1975 Ut
367 1941 458 1972 nobis
485 1941 579 1971 donet
606 1938 747 1978 praemia
985 1937 1116 1968 Placere
1143 1935 1202 1966 tibi
1227 1935 1360 1977 studuit,

300 1989 463 2030 Splendor
482 1990 643 2028 paternae
667 1986 803 2027 yloriae.
983 1985 1131 2024 Maymze
1155 1983 1246 2016 Deus
1271 1984 1444 2023 potentiae.

238 2079 270 2110 2.
297 2073 410 2116 Legem
439 2074 578 2106 divinam
605 2073 763 2104 meditans
926 2073 957 2102 5.
985 2067 1122 2103 Abiecto
1150 2070 1256 2101 carnis
1282 2070 1391 2102 nubilo

300 2125 407 2157 Noxas
432 2122 582 2155 abstersit
609 2121 775 2157 scelerum,
986 2118 1166 2150 Commutat
1193 2118 1303 2149 mundi
1331 2127 1458 2160 aspera,

299 2174 389 2204 Vana
415 2176 529 2202 cuncta
555 2169 776 2209 suppeditans,
986 2166 1105 2206 Magna
1135 2166 1238 2197 cernit
1263 2166 1295 2197 in
1323 2166 1422 2198 iubilo

302 2219 458 2253 Conditor
482 2218 567 2250 alme
591 2217 746 2249 siderum,
985 2213 1129 2245 Aetemm
1159 2213 1280 2246 Christi
1305 2224 1456 2249 munera.

240 2308 272 2341 3.
300 2305 339 2341 ln
366 2306 453 2337 cuius
478 2313 561 2336 nunc
586 2303 739 2335 memoria
926 2303 958 2334 6.
986 2298 1087 2334 Beata
1113 2300 1174 2332 Dei
1201 2299 1322 2333 famula

298 2354 444 2387 Abiectis
469 2352 596 2393 pompis
622 2351 738 2382 vilibus
985 2348 1085 2380 Donis
1111 2349 1256 2389 repletur
1281 2350 1427 2391 spiritus,

298 2402 494 2435 Iucundetur
520 2400 665 2437 ecclesia,
985 2398 1084 2437 Quam
1111 2403 1243 2430 coronat
1270 2398 1302 2430 in
1328 2398 1463 2431 saecula

298 2451 444 2483 Exsultet
469 2449 593 2482 caelum
620 2447 782 2480 laudibus.
988 2445 1018 2477 A
1038 2449 1136 2485 patre
1164 2447 1363 2487 uviiyenitus.
