1653 2656
742 147 1006 183 —281—

201 229 235 262 3.
263 229 335 271 Illa,
363 242 445 273 quae
471 245 598 270 sursum
626 244 685 283 est,

306 289 388 321 quae
415 282 487 316 finis
512 288 621 320 nescia

264 326 377 361 Finem
407 332 462 364 dat
487 333 642 379 lacrimis,

309 376 381 410 finit
406 383 585 417 terrestria.

197 482 230 513 4.
259 482 284 514 O
312 493 404 524 quam
433 487 519 520 laeta
546 490 625 530 dies,

304 538 426 572 quanta
453 534 624 575 festivitas,

256 579 291 610 In
319 590 381 620 qua
408 584 513 616 soluta
538 590 585 617 est

303 631 406 661 sancti
434 633 624 673 captivitas!

902 249 933 279 5.
962 247 1040 280 Cum
1069 249 1109 281 de
1136 252 1250 284 exsilio

1008 297 1094 329 redit
1120 299 1162 331 ad
1187 300 1336 344 patriam,

960 343 1096 385 Dignam
1124 356 1182 386 pro
1209 349 1312 389 gratia

1005 394 1121 434 recipit
1147 397 1294 435 gratiam.

898 498 928 529 6.
957 497 982 530 Ο
1009 503 1120 531 sancte
1139 501 1291 543 Roberte‚

1006 548 1146 580 concivis
1173 559 1334 590 superum,

954 593 1021 625 Iter
1047 596 1087 627 ad
1116 598 1253 636 patriam

1001 641 1052 674 fae
1078 645 1171 677 nobis
1196 656 1396 687 prosperum.

611 742 640 774 7.
671 742 754 774 Laus
780 746 867 784 patri
893 746 1028 788 gloriae,

718 791 787 823 laus
814 793 881 825 eius
910 794 985 837 filio,

668 838 786 872 Sancto
813 842 940 881 spiritui

714 888 755 919 sit
782 889 850 920 laus
878 899 946 922 cum
976 894 1111 927 cantico.

262 983 383 1012 collect.
413 996 466 1013 ms.
500 987 712 1018 Gemblaceuse
742 1001 818 1020 saec.
849 992 892 1022 13.
922 996 992 1023 (jod.
1015 998 1173 1026 Bruxellen
1196 999 1357 1029 5:327—34.
1380 1018 1415 1022 —
1441 1004 1472 1037 6,

183 1021 208 1047 Ο
229 1021 310 1050 fehlt.
335 1040 369 1043 —
392 1023 417 1056 6,
441 1023 459 1052 2
481 1027 633 1054 Conscius.

620 1198 682 1229 471.
726 1200 767 1231 De
790 1204 900 1233 sancto
921 1203 1066 1236 Roberto.

654 1279 834 1316 Tempore
865 1283 1049 1317 paschali.

181 1380 209 1412 1.
238 1380 363 1413 Chorus
390 1392 492 1415 novae
520 1386 696 1418 Ierusalem

235 1428 359 1461 Novam
386 1432 461 1462 meli
491 1433 695 1467 dulcedinem

236 1477 365 1510 Promat
393 1480 500 1512 colens
529 1491 597 1513 cum
627 1484 744 1517 sobriis

231 1525 408 1559 Robertum
437 1528 511 1560 festi
538 1532 675 1571 gaudiis,

170 1632 202 1663 2.
230 1633 290 1673 Qui
317 1635 471 1666 mundum
499 1637 587 1668 velut
614 1635 809 1686 [carcerem]

229 1681 420 1714 Abhorrens
448 1685 656 1718 solitudinem

227 1729 349 1771 Elegit,
375 1736 408 1763 ut
437 1733 589 1766 libentius

227 1777 349 1811 Christi
376 1786 507 1813 vacaret
534 1783 695 1818 laudibus,

161 1886 192 1918 3.
221 1885 269 1918 Ibi
297 1896 333 1918 se
359 1887 428 1920 Deo
453 1889 618 1931 dedicans,

220 1931 382 1980 [Ieiuniis]
411 1947 539 1970 carnem
567 1940 711 1980 domans,

221 1978 374 2029 [Mansit]
402 1987 540 2020 mundus
567 1999 586 2020 a
612 1990 711 2032 vitiis,

218 2033 314 2065 Miris
339 2035 487 2076 repletur
512 2038 637 2078 gratiis.

153 2141 185 2174 4.
214 2139 361 2174 Fortuna
389 2143 480 2176 nulla
508 2145 657 2184 vincitur,

212 2189 342 2221 Nullius
370 2191 462 2223 bonis
488 2193 603 2234 utitur,

211 2238 289 2271 Cum
317 2237 450 2271 afflictis
477 2240 632 2281 afficitur,

213 2286 282 2318 Nec
307 2297 326 2319 a
353 2288 449 2320 laetis
477 2289 685 2326 discernitur.

875 1394 906 1425 5.
934 1393 972 1424 In
999 1394 1134 1426 caritate
1162 1394 1309 1428 fervidus

935 1440 1066 1473 Cunctis
1094 1444 1222 1475 exsistis
1252 1448 1426 1485 proximus.

933 1489 1011 1529 Ope,
1041 1491 1149 1526 verbo.
1180 1493 1352 1526 virtutibus

933 1536 1044 1569 Gratis
1069 1549 1259 1572 succurrens
1287 1544 1412 1582 opibus.

872 1644 903 1676 6.
932 1644 1047 1683 Huius,
1075 1657 1092 1676 o
1120 1647 1259 1685 Christe,
1288 1652 1448 1695 precibus,

931 1693 1140 1735 Protegamur
1166 1696 1206 1727 ab
1234 1697 1390 1742 hostibus,

931 1742 1020 1773 Inter
1046 1742 1129 1775 festa
1156 1746 1320 1784 paschalia

928 1790 1026 1828 Quem
1054 1792 1212 1824 transfers
1239 1795 1279 1826 ad
1308 1797 1472 1832 caelestia.

867 1907 892 1929 ι.
922 1896 1030 1936 lpsuni
1059 1907 1228 1938 precemur
1256 1903 1431 1945 supplices,

921 1946 966 1978 Ut
994 1947 1126 1978 devotos
1154 1952 1185 1978 et
1212 1948 1347 1981 humiles

920 1994 1079 2034 Propulso
1107 1997 1221 2028 mentis
1249 1998 1326 2030 vitio

919 2042 1033 2075 Servet
1061 2053 1117 2075 nos
1145 2045 1175 2075 in
1204 2047 1367 2081 coenobio.

855 2149 887 2180 8.
917 2149 979 2180 Per
1005 2151 1113 2182 saecla
1141 2155 1244 2183 metae
1271 2155 1379 2186 nescia

915 2195 1005 2229 Patri
1033 2208 1183 2238 supremo
1210 2201 1323 2244 gloria,

913 2246 1090 2287 Honorque
1117 2249 1158 2279 sit
1187 2257 1257 2280 cum
1285 2250 1351 2282 filio

914 2294 957 2326 Et
984 2296 1102 2335 spiritu
1129 2298 1298 2336 paraclito.

222 2392 310 2420 BreV.
331 2402 385 2420 ms.
408 2393 504 2421 Casae
526 2395 582 2422 Dei
603 2395 640 2430 (22)
660 2406 737 2425 saec.
761 2395 836 2425 ¹⁴l15.
859 2398 930 2426 Cod.
953 2400 1092 2428 Vesolan.
1119 2400 1161 2429 14.
1184 2419 1221 2423 —
1248 2403 1272 2435 l,
1295 2403 1311 2431 2
1327 2406 1435 2434 Mellis.
1452 2423 1488 2427 -

144 2428 175 2462 4,
199 2428 218 2457 2
238 2433 343 2459 uritur.
366 2448 402 2452 —
423 2432 481 2460 Die
503 2433 633 2463 Melodie
655 2436 706 2464 des
729 2437 867 2472 Hymnus
890 2439 930 2466 ist
947 2439 1107 2474 jedenfalls
1130 2441 1176 2468 die
1199 2442 1248 2470 des
1271 2444 1488 2481 Osterhyninus

144 2469 282 2506 gleichen
303 2471 451 2508 Anfangs.
