1653 2656
731 149 995 184 —313—

467 240 501 272 4.
526 239 601 280 Ipse
627 243 667 274 de
690 243 768 276 luna
793 246 937 279 morbum
965 258 1181 291 nuncupatum

526 288 612 321 Mire
638 293 773 335 curavit,
802 294 875 326 dum
902 297 1043 338 puellam
1069 309 1178 333 sanam

527 336 685 371 Reddidit
710 341 796 380 inde,
824 341 902 376 fecit
928 348 959 375 et
983 354 1042 385 per
1069 348 1228 382 Christum

603 386 708 420 Multa
734 389 857 423 beatus.

465 488 496 518 5.
526 487 603 518 Eius
625 489 667 520 ad
694 499 803 522 vocem
830 497 879 523 est
905 495 1080 526 exstinctus
1108 497 1188 536 iguis

524 536 654 568 Minaus
680 537 849 579 iacturam,
875 541 975 572 ardor
1002 552 1133 583 magnus
1160 555 1235 578 suae

524 583 617 615 Fidei
645 586 722 617 vicit
747 585 890 620 flammas
916 590 999 629 ignis
1027 591 1118 623 huius

599 632 640 664 Et
668 634 829 668 vitiorum.

463 734 494 764 6.
524 733 592 766 Deo
620 735 727 767 dicata
754 735 829 768 fecit
857 738 928 770 loca
954 741 1064 779 multa,

525 782 558 812 ln
585 783 700 822 quibus
728 786 820 824 panis
846 787 994 819 Christus
1022 789 1213 834 immolatur,

521 830 563 862 Et
590 836 794 872 peccatorum
824 835 915 866 venia
943 837 1081 869 donatur

596 879 700 912 Fonte
727 883 857 916 renatis.

459 979 489 1011 7.
514 981 680 1020 Precibus,
709 983 847 1024 Christe,
876 985 922 1016 tui
949 985 1143 1019 confessoris

515 1029 545 1060 A
571 1029 664 1060 nobis
691 1031 815 1062 cladem
844 1033 928 1071 pelle
956 1038 987 1065 et
1013 1035 1214 1075 languorem.

517 1077 644 1108 Meritis
672 1079 739 1109 eius
760 1089 888 1119 semper
913 1081 1102 1114 adiuvemur

594 1125 654 1157 Hic
680 1130 711 1157 et
737 1127 864 1167 ubique.

452 1227 484 1259 8.
511 1226 598 1266 Ergo
625 1237 682 1259 nos
709 1234 854 1261 sanctum
883 1232 1058 1271 rogitemus
1085 1243 1205 1277 omnes,

511 1275 669 1315 lmpetret
694 1277 766 1316 pius
790 1279 882 1310 nobis
908 1283 941 1310 ut
969 1291 988 1312 a
1015 1281 1144 1314 Christo

511 1323 626 1355 Pacem
654 1327 686 1356 et
711 1326 818 1358 salvos
844 1327 991 1360 hostibus
1019 1339 1038 1361 a
1064 1331 1189 1362 cunetis

586 1373 720 1404 Animos
747 1383 827 1408 esse.

449 1473 480 1506 9.
509 1472 612 1504 Deum
639 1474 807 1507 laudemus
834 1477 952 1509 trinum
979 1489 1063 1511 nunc
1089 1485 1121 1511 et
1146 1490 1253 1523 unum,

507 1521 585 1553 Cum
611 1529 704 1562 patre
729 1529 849 1563 natum,
877 1536 1014 1566 pneuma
1041 1528 1134 1559 simul
1161 1534 1327 1571 sanctum;

507 1569 568 1602 His
594 1571 697 1603 tribus
723 1582 804 1605 unus
831 1574 934 1606 honor
959 1577 1000 1607 sit
1027 1582 1056 1608 et
1084 1578 1186 1609 virtus

584 1620 683 1651 Omne
710 1630 768 1661 per
794 1631 917 1655 aevum.

253 1722 325 1749 cod.
343 1722 535 1751 Alexandrin.
559 1723 596 1752 93
615 1726 683 1759 (111)
706 1736 782 1754 saec.
808 1726 850 1754 17.
873 1743 910 1748 —
932 1728 956 1761 2,
980 1729 998 1757 3
1019 1731 1082 1757 tibi.
1107 1746 1139 1749 —
1163 1734 1189 1763 ὅ,
1211 1732 1228 1757 ἓ).
1246 1736 1275 1760 et
1290 1742 1359 1760 suos
1373 1733 1510 1761 hostibus

533 1897 600 1929 525.
642 1898 684 1930 De
706 1908 731 1930 s.
754 1899 921 1932 Willielmo
944 1902 1150 1934 Vei-cellensi.

693 1981 734 2007 In
761 1979 788 2008 2.
816 1982 1005 2018 Vesperis.

446 2079 475 2110 1.
505 2078 603 2119 Regis
629 2079 775 2111 immensi
804 2082 941 2121 gratiam
971 2082 1086 2113 devote

501 2127 538 2158 ln
564 2126 759 2160 confessoris
786 2129 936 2161 laudibus
964 2135 1131 2162 manentes

500 2175 568 2207 Nos
594 2176 790 2216 invocemus,
816 2178 886 2218 ipse
913 2182 1021 2210 nostra
1049 2179 1137 2211 Deus

577 2226 704 2265 Augeat
732 2231 816 2260 vota.

436 2328 468 2359 2.
500 2327 605 2360 Huius
633 2328 720 2359 beati
748 2328 903 2361 Guilelmi
930 2330 996 2362 vita

500 2375 638 2407 Exstitit
663 2377 753 2417 sequi
778 2378 898 2410 teneris
925 2378 965 2410 ab
991 2379 1084 2411 aunis

499 2424 600 2456 Sacra
627 2426 782 2458 mandata
806 2427 880 2459 lesu
908 2427 1028 2459 Christi
1053 2437 1180 2468 semper

571 2473 684 2506 Mente
709 2475 837 2509 devota.
