1653 2656
701 131 960 167 -260—

610 345 678 376 435.
720 344 762 374 De
783 341 892 372 sancto
913 337 1050 369 Nicolao.

202 490 209 497 .
236 462 329 494 Alme
355 462 447 499 pater
473 456 659 488 clericorum
859 451 890 482 3.
918 448 997 479 Tres
1023 445 1186 477 scholares
1212 439 1373 474 suscitasti

235 508 472 547 Exemplarque
497 505 662 540 laicorum,
919 494 1139 534 populumque
1164 489 1292 523 satiasti

237 557 311 588 Vita
337 555 460 594 fulgens
486 551 669 591 angelorum
918 543 1020 575 Tuum
1047 546 1142 581 atque
1167 537 1318 571 relevasti

285 603 416 636 Nicolae
442 599 597 641 pontifex.
968 590 1132 629 Virginum
1160 586 1336 619 infamiam.

205 736 211 743 .
238 710 307 740 Vox
333 707 459 739 excelsa
483 703 611 736 deitatis
864 699 898 730 4.
924 696 1064 728 Iudaeus
1088 697 1137 724 est
1161 691 1353 731 baptizatus,

239 756 405 788 Nuntiavit
430 751 593 792 dignitatis
923 744 983 784 Qui
1009 753 1028 774 a
1050 747 1083 773 te
1108 744 1156 772 est
1181 739 1364 775 suscitatus,

238 805 325 836 Tuae
351 807 445 842 atque
471 799 627 831 claritatis
925 793 973 824 Tu
999 799 1096 830 prece
1121 789 1175 828 pia
1200 791 1350 828 precatus

289 851 407 884 Mentis
433 852 543 880 sancta
568 845 695 886 gaudia.
973 838 1102 871 Cunctis
1130 837 1187 868 das
1213 834 1376 867 auxilium.

593 954 623 983 5.
651 949 762 982 Gloria
786 947 856 984 tibi,
883 945 1011 977 trinitas

650 997 693 1028 Et
719 995 847 1027 deitatis
872 994 987 1033 unitas,

651 1045 697 1076 Sit
723 1044 755 1074 in
783 1043 871 1074 cuius
897 1039 1093 1072 sollemnitas

699 1091 823 1124 Colitur
847 1099 905 1128 per
930 1088 1068 1119 saecula.

263 1213 400 1245 Sequeut.
426 1213 453 1236 et
480 1208 577 1243 hymn.
609 1216 660 1233 ms.
683 1203 809 1232 Carmeli
831 1203 934 1230 Senen.
958 1209 1033 1228 saec.
1057 1198 1100 1226 14.
1122 1198 1191 1225 Cod.
1216 1197 1321 1224 Senen.
1343 1195 1368 1222 G
1392 1194 1446 1225 111,
1471 1191 1497 1219 2.

622 1413 692 1442 ⁴36.
734 1411 775 1441 De
796 1411 901 1440 saneto
924 1407 1057 1439 Nicolao.

727 1499 777 1526 Ad
803 1497 956 1525 Laudes.

211 1638 219 1646 ‚
246 1612 372 1642 Aurora
397 1609 498 1647 surgit
522 1615 619 1638 aurea
869 1606 900 1635 4.
927 1605 1051 1641 Quanta
1076 1601 1107 1632 in
1135 1600 1266 1632 summis
1291 1599 1420 1638 accipit,

248 1659 345 1690 Festa
371 1661 551 1688 restaurans
577 1663 690 1694 annua,
929 1651 988 1688 Qui
1015 1651 1061 1681 sie
1087 1650 1159 1680 imis
1186 1648 1312 1689 claruit,

247 1707 324 1739 Cum
350 1704 502 1736 Nicolaus
528 1702 661 1733 arduum
930 1699 1026 1730 Cuius
1054 1698 1171 1728 mic-ant
1198 1696 1346 1736 prodigia

247 1753 334 1786 Caeli
360 1751 487 1783 scandit
513 1750 676 1790 palatium.
934 1747 993 1777 Per
1019 1746 1126 1785 ampla
1151 1744 1261 1776 mundi
1289 1743 1434 1775 crimina.

213 1885 219 1891 .
247 1859 345 1897 Quam
372 1856 508 1896 gloriose
534 1853 677 1893 moritur,
873 1853 903 1884 5.
932 1850 1044 1891 Nobis,
1073 1850 1202 1889 praesul
1230 1850 1367 1889 egregie,

249 1906 307 1946 Qui
333 1904 497 1935 moriendo
522 1902 634 1940 oritur,
930 1899 1036 1930 Decus
1064 1902 1095 1929 et
1118 1899 1172 1930 lux
1200 1898 1365 1938 ecclesiae,

247 1955 336 1985 Tune
362 1961 436 1983 vere
463 1951 558 1982 vitam
584 1949 715 1988 invenit,
931 1947 1005 1978 Tibi
1030 1945 1113 1977 festa
1139 1945 1316 1978 colentibus

251 2002 330 2033 Cum
355 2004 456 2031 morte
483 1997 586 2029 carnis
612 1996 731 2028 interit.
937 1994 1043 2026 Sacris
1069 2003 1218 2025 succurre
1245 1993 1405 2033 precibus

215 2130 221 2136 .
250 2107 366 2138 Sancto
392 2106 504 2134 exutus
531 2109 664 2140 corpore
874 2100 904 2131 6.
933 2098 981 2130 Sit
1006 2098 1091 2137 patri
1114 2098 1184 2129 laus
1210 2098 1362 2138 ingenito,

250 2153 339 2185 Stola
364 2152 499 2183 vestitur
524 2150 655 2190 glmiae,
935 2147 982 2178 Sit
1009 2147 1104 2177 decus
1130 2146 1304 2187 unigenito,

248 2201 360 2251 (Jarnis
386 2200 451 2232 exit
477 2197 681 2237 ergastulum,
936 2194 984 2226 Sit
1008 2195 1173 2234 utriusque
1200 2195 1296 2234 parili

251 2249 340 2281 caeli
364 2248 464 2279 intrat
489 2245 652 2285 palatium.
934 2243 1086 2274 Maiestas
1112 2252 1234 2274 summa
1259 2242 1389 2276 flamini.

267 2364 348 2390 Brev.
375 2370 428 2388 ms.
453 2360 620 2387 strumense
641 2366 717 2384 saec,
741 2355 784 2383 11.
807 2356 877 2384 Cod.
896 2357 1034 2383 Laurent.
1057 2356 1146 2383 Conv.
1170 2367 1233 2393 sup.
1255 2356 1320 2384 524.
1342 2373 1375 2376 —
1401 2359 1458 2386 Str.
1481 2358 1506 2391 l,

187 2401 366 2469 ‘Iivuqtgffldie
391 2398 495 2427 Doxol.
521 2406 572 2424 aus
601 2396 665 2423 [leni
687 2395 993 2430 Benediktushymuus
1015 2395 1147 2431 gleichen
1169 2397 1319 2432 Anfangs3
1348 2398 1398 2424 cfr.
1421 2399 1508 2425 Anal⁸
