1653 2656
730 142 988 177 —148—

624 235 692 267 249.
733 235 774 266 De
795 237 902 266 saneto
924 233 1114 266 Galeam-io.

678 296 726 323 Ad
749 297 851 331 Vesp.
873 299 909 322 et
929 295 1041 322 Laud.

210 356 237 386 1.
267 353 378 387 Virtus
404 359 518 395 patens
544 355 701 395 prodigiis

268 403 352 433 Luce
377 406 523 434 coruscat
550 403 677 442 clarius,

269 450 431 482 Christum
456 459 591 490 sequens
618 451 761 491 vestigiis

268 498 385 529 Beatus
411 497 623 530 Galectorius.

206 586 237 615 30

267 585 397 615 Praesul
423 588 453 615 et
480 589 572 623 pater
599 585 734 624 patriae,

265 632 371 668 Miles,
399 632 520 663 athleta
546 636 704 672 strenuus,

265 679 490 711 Lascurrensis
516 680 670 711 ecclesiae

264 728 421 759 Patronus
448 732 479 758 et
505 728 706 767 praecipuus,

893 356 922 388 3.
953 355 1057 386 Vitam
1084 357 1186 384 morte
1211 353 1400 393 promeruit,

949 404 1036 442 Quae
1068 401 1179 434 mortis
1206 401 1308 432 nescit
1334 401 1519 444 terminum,

953 451 1035 491 Vita,
1065 450 1210 482 doctrina
1236 449 1400 489 splenduit

951 499 1076 530 Lueens
1102 499 1134 529 in
1161 499 1232 529 luce
1258 497 1422 530 luminum.

889 587 922 618 4.
951 585 1051 626 Patri,
1079 589 1164 626 nato,
1192 584 1321 624 spiritui

948 633 1066 665 Sancto
1093 633 1189 665 decus
1216 636 1247 663 et
1274 632 1396 672 gloria3

951 682 1009 713 Per
1033 681 1116 712 hunc
1141 681 1206 712 sint
1231 684 1340 712 nostro
1367 680 1471 712 coetui

948 729 1040 760 Vitae
1066 729 1215 768 perennis
1242 728 1394 768 praemia.

281 804 364 829 Brev.
378 804 572 830 Lascurrense
588 804 656 839 imp.
673 805 822 830 Lascurris
840 803 909 831 1541
925 806 1036 840 (reimp.
1056 802 1144 835 1891).
1160 819 1194 822 —
1210 802 1236 836 2,
1250 803 1269 830 4
1285 807 1315 830 ut
1332 805 1517 839 praecipuus.

617 916 684 946 250.
726 916 767 946 De
788 918 896 946 sancto
917 916 1103 947 Galectorio.

700 975 751 1002 Ad
773 976 1010 1003 Nocturnum.

202 1053 232 1083 1.
262 1052 298 1082 In
326 1052 472 1083 caelestis
499 1053 623 1083 aerario

258 1099 361 1138 Regni
390 1109 511 1139 gemma
538 1100 722 1131 reconditur

261 1147 457 1188 Praesulum,
485 1148 537 1186 qui
564 1148 716 1188 martyrio

262 1194 376 1226 Clarus
403 1196 513 1234 poenis
540 1204 599 1226 non
629 1195 775 1228 vincitur.

196 1283 227 1312 2.
260 1280 377 1312 Beatus
404 1280 604 1313 Galectorius

259 1327 412 1359 Gotorum
439 1333 547 1368 spreto
571 1329 686 1360 robore

256 1376 380 1415 Pugnat
406 1385 464 1415 pro
490 1376 554 1407 fide
581 1376 694 1408 fortius

254 1423 476 1462 Burdigalensi
504 1425 620 1456 littore.

886 1055 918 1086 3.
946 1055 1187 1085 Consummatus
1216 1053 1353 1085 feliciter

943 1101 1049 1133 Morte
1075 1103 1132 1133 sed
1159 1102 1251 1133 victis
1279 1102 1423 1134 hostibus

945 1149 1030 1180 Iacet
1060 1149 1288 1181 venerabiliter

944 1197 1110 1228 Lascurris
1137 1198 1240 1238 dignis
1267 1197 1428 1230 laudibus.

881 1286 912 1316 4.
942 1285 1041 1321 Patri,
1070 1291 1155 1323 nato,
1182 1286 1310 1324 spiritui

940 1332 1056 1364 Sancto
1084 1333 1179 1364 decus
1205 1337 1237 1364 et
1262 1334 1376 1374 gloria,

940 1380 1002 1411 Per
1026 1380 1110 1411 hunc
1132 1381 1194 1411 sint
1220 1386 1329 1413 nostro
1357 1384 1460 1414 coetui

942 1427 1033 1459 Vitae
1059 1429 1208 1468 perennis
1235 1431 1388 1468 praemia.

268 1510 351 1535 lii-ev.
373 1509 569 1536 Lascurrense
593 1512 660 1545 imp.
682 1511 836 1539 Lascurris
860 1511 929 1539 1541
953 1514 1063 1549 (reimp.
1089 1512 1179 1547 1891).

626 1623 685 1654 251.
728 1623 768 1654 De
790 1626 896 1655 sancto
918 1624 1071 1664 Galgano.

707 1684 756 1710 Ad
778 1681 976 1719 vesperas.

191 1759 221 1789 1.
251 1758 386 1790 Plaudat
411 1758 525 1790 chorus
551 1759 745 1799 angelorum,

248 1806 396 1838 Resultet
417 1810 503 1837 terra
530 1807 665 1846 gaudiis,

247 1853 331 1885 Dum
360 1853 482 1885 ditatur
509 1854 672 1887 beatorum

247 1901 410 1941 Galganus
437 1906 564 1934 sanctus
590 1904 751 1942 praemiis.

187 1990 205 2019 ¹0

212 2013 218 2019 .
247 1988 409 2019 Nobilium
437 1997 474 2019 ex
501 1997 615 2028 genere

248 2035 410 2075 Galganus
436 2037 553 2068 mundo
579 2037 704 2079 claruit,

245 2084 344 2122 Quem
370 2093 426 2115 sno
453 2084 538 2116 Deus
564 2094 694 2116 munere

245 2131 364 2163 Salutis
390 2132 452 2163 iter
478 2133 595 2165 docuit.

182 2219 213 2250 3.
241 2219 463 2260 Archangelns
489 2221 639 2260 apparuit

243 2266 311 2298 Sibi
337 2268 426 2308 prius
450 2277 509 2308 per
535 2268 701 2310 somnium,

244 2314 284 2346 Se
311 2321 463 2355 sequatur
488 2316 652 2348 admonuit

241 2363 293 2394 Ad
322 2363 422 2396 locum
451 2365 639 2396 solitarium.

874 1765 906 1794 4.
934 1761 1065 1794 Forinat
1100 1773 1225 1796 crucem
1258 1774 1364 1797 ensem
1392 1766 1503 1807 figens,

935 1811 1050 1842 Vocem
1076 1811 1178 1849 audit,
1205 1814 1300 1846 sistat
1327 1815 1453 1854 pedem,

934 1858 1051 1889 Locum
1079 1860 1163 1891 colat
1189 1870 1249 1892 non
1277 1862 1441 1905 recedens,

935 1906 997 1938 Ubi
1023 1912 1165 1939 sanctam
1192 1909 1272 1941 vidit
1299 1911 1422 1944 aedem.

871 1995 900 2025 5.
929 1992 1076 2025 Imitator
1100 1997 1319 2034 praecursoris

930 2040 1059 2074 Herbis.
1087 2051 1169 2082 aqua
1196 2049 1273 2083 potu
1298 2051 1427 2085 sumpta

928 2088 968 2120 Se
994 2090 1148 2128 pascebat
1174 2092 1270 2123 certis
1297 2093 1395 2131 horis,

933 2135 985 2168 Sic
1011 2138 1171 2170 mundana
1197 2141 1320 2180 sprevit
1346 2148 1470 2178 cuncta.

872 2224 902 2256 6.
931 2223 1028 2264 Deus,
1055 2232 1182 2258 creator
1207 2229 1357 2269 omnium,

930 2271 1040 2304 Sancti
1067 2273 1203 2315 Galgani
1230 2278 1381 2316 precibus

929 2320 978 2352 Da
1003 2322 1230 2362 sempiternum
1257 2327 1407 2366 gaudium

929 2369 991 2401 Sua
1019 2368 1100 2401 festa
1128 2372 1318 2406 colentibus.

253 2439 335 2466 offic.
358 2449 409 2467 ms.
431 2440 559 2467 (visitat.
583 2441 686 2474 BMV.)
707 2443 736 2469 S.
758 2443 896 2479 Galgani.
918 2453 995 2472 saec.
1020 2445 1062 2474 16.
1086 2447 1154 2475 cod.
1175 2451 1281 2476 Seueri.
1305 2451 1327 2477 F
1348 2451 1389 2478 Vl
1412 2452 1458 2480 22.
