1653 2656
743 159 907 194 —291
963 182 1007 186 —

207 242 239 276 8.
267 244 465 286 Armagoras
490 249 576 282 hunc
602 251 722 293 docuit,
903 260 934 292 4.
962 260 1214 300 Congratulatur
1241 265 1356 297 civitas

265 291 332 324 Sub
358 294 473 328 Marco
500 298 555 338 qui
581 300 775 342 profecerat,
961 307 1148 350 Suscipiens
1175 313 1357 345 antistitem

266 340 348 373 Nam
368 343 515 377 Marcum
542 351 619 379 tunc
641 349 841 384 instruxerat
962 356 1012 387 Ac
1036 357 1218 392 Ticinensis
1247 361 1378 394 claritas

264 389 454 434 ApostoluS,
481 394 536 433 qui
560 396 714 435 praefuit.
962 404 1117 437 Laetatur
1142 417 1176 438 se
1205 411 1422 449 superstitem.

549 485 592 519 5„
610 483 677 515 Has
703 494 816 524 preces
841 497 911 520 cum
937 491 1111 529 gemitibus

609 531 667 569 Tu,
696 537 789 572 pater
815 535 906 579 Syre,
934 540 1072 579 suscipe,

609 581 637 611 A
665 581 727 612 diri
753 582 852 615 hostis
878 584 1026 619 faucibus

609 627 676 659 Nos
699 633 786 662 tuum
813 641 941 673 gregem
969 636 1070 676 eripe.

278 708 399 737 Collect.
433 720 486 737 ms.
518 713 678 741 Ticiuense
707 714 743 749 (22)
773 725 849 744 saec.
884 718 927 746 15.
956 720 1026 748 Cod.
1054 723 1176 751 Roman.
1208 725 1280 753 1300
1306 728 1431 758 (Sessor.
1458 728 1534 763 343).

199 745 231 772 A.
253 761 290 765 ——-
311 748 449 776 Officium
471 751 568 778 Patris
589 753 699 785 Nostri,
721 756 822 782 Sancti
846 758 923 791 Syri,
946 759 1087 796 Episcopi
1111 763 1275 798 Papiensis.
1314 767 1424 801 Papiae
1450 768 1531 797 1564.

197 785 234 815 B;
256 785 364 813 dai-aus
387 788 433 814 bei
456 789 580 822 Prelini,
602 792 661 817 San
684 792 751 819 siro
773 796 868 829 primo
891 805 1017 825 vescovo
1034 809 1048 825 e
1067 804 1189 835 patrono
1205 803 1284 831 della
1301 806 1373 832 citta
1391 816 1406 833 e
1422 807 1533 835 diocesi

199 823 229 850 di
250 824 352 857 Pavia,
376 827 471 854 l’avia
495 826 568 856 1880
588 829 610 861 Ι,
634 827 678 856 68.
703 846 737 850 -
764 831 786 864 1,
809 831 826 860 2
847 834 924 861 Iesu.
946 836 978 862 B.
1005 852 1042 855 —
1063 838 1088 872 3,
1116 839 1128 866 1
1154 841 1355 878 Hermagora·
1381 846 1410 870 Η.

613 976 682 1007 490.
726 978 767 1009 De
789 987 814 1009 s.
838 980 918 1019 Syro
940 981 1108 1015 Ticinensi.

701 1037 752 1064 Ad
779 1039 1021 1069 Nocturnum.

201 1111 231 1142 1.
258 1110 322 1150 En,
348 1112 488 1150 pullulat
514 1114 660 1154 ecclesia,
893 1120 925 1152 4.
954 1121 1094 1153 Currunt
1123 1125 1209 1156 cives
1237 1127 1446 1163 collaetantes

258 1158 420 1190 Bonorum
446 1163 550 1192 mater
577 1163 728 1203 omnium,
952 1168 995 1199 Et
1021 1173 1211 1211 peregrinae
1239 1177 1363 1214 patriae

255 1205 333 1237 Cum
362 1206 487 1246 profert
513 1209 554 1240 ab
580 1210 717 1242 infantia
952 1217 1005 1248 Ad
1033 1219 1168 1251 salutem
1196 1230 1408 1263 properantes

254 1254 335 1286 Fide
361 1255 497 1287 tironem
524 1258 689 1297 optimum.
903 1280 904 1284 =
951 1265 1029 1297 Cum
1057 1272 1224 1301 ostensore
1251 1274 1383 1311 gratiae.

189 1341 222 1373 2.
250 1340 351 1380 Syrus
378 1343 502 1383 palmes
529 1346 694 1386 egreditur
890 1353 922 1384 5.
950 1352 1012 1383 Hic
1038 1355 1170 1387 sedulus
1197 1359 1337 1398 agricola

250 1389 276 1420 E
306 1391 436 1422 caelesti
464 1393 637 1433 plantario,
950 1400 1027 1431 Cum
1055 1405 1236 1437 vomeribus
1265 1408 1431 1442 doctrinae

252 1438 377 1470 Novum
404 1449 614 1480 praesegmen
642 1444 762 1475 seritur
947 1447 1110 1482 Firmatus
1137 1458 1185 1484 est
1213 1456 1365 1489 caelicola

250 1486 286 1518 In
314 1487 476 1520 Ticinensi
503 1491 636 1530 oppido.
946 1497 1163 1539 Ierosolymae
1191 1503 1330 1537 divinae.

184 1574 217 1606 3.
247 1573 386 1606 Germen
416 1577 560 1617 exsurgit
586 1578 693 1610 nobile
882 1584 914 1616 6.
943 1583 1097 1618 Sulcabat
1124 1590 1223 1622 corda
1249 1590 1355 1625 ferrea

244 1622 415 1662 Repletum
442 1626 650 1666 aromatibus,
943 1632 1096 1666 Sermone
1125 1639 1341 1683 veracissimo,

247 1670 363 1703 Semen
390 1671 540 1705 firmatur
568 1673 682 1715 fragile
940 1682 1119 1716 Claudebat
1146 1696 1203 1718 ora
1229 1692 1338 1722 terrea

247 1718 364 1751 Devoti
389 1722 491 1761 patris
517 1723 681 1762 precibus,
943 1730 1060 1770 Vigore
1088 1734 1304 1770 vivacissimo.

533 1810 563 1843 7.
589 1811 688 1853 Ergo,
716 1817 819 1855 pater,
845 1825 902 1848 nos
930 1817 1074 1852 infirmos

581 1859 624 1891 Et
650 1861 681 1892 in
709 1863 828 1895 mundo
856 1865 1023 1899 deviantes

582 1908 618 1940 In
646 1911 752 1950 patria
779 1913 881 1945 redde
907 1913 1016 1947 firmos

579 1957 659 1990 Cum
687 1959 812 1992 devotis
839 1963 1069 1999 exclamantes.

251 2038 375 2068 Collect.
397 2049 450 2068 ms.
474 2042 632 2071 Ticinense
653 2046 689 2078 (2²)
709 2055 785 2074 saec.
811 2047 853 2075 15.
877 2050 947 2077 cod.
970 2052 1094 2080 Roman.
1121 2055 1193 2084 1:100
1213 2060 1339 2087 (st-<suia
1362 2060 1437 2095 345³».

606 2192 669 2223 491.
691 2193 734 2225 De
755 2203 779 2225 s.
801 2196 881 2235 Syro
903 2197 1071 2232 Ticinensi.

699 2255 742 2282 In
770 2256 980 2286 Laudibus.

168 2327 200 2360 1.
228 2326 353 2366 Lauda,
381 2331 496 2370 mater,
524 2331 700 2370 gratiosum
868 2340 899 2371 2.
928 2339 1065 2373 Ornavit
1090 2344 1168 2376 viris
1196 2348 1326 2387 optimis

227 2374 274 2406 Te
301 2375 488 2416 diligentem
510 2377 694 2421 Dominum,
926 2388 1083 2423 Coronam
1111 2397 1185 2425 tuae
1210 2396 1333 2435 gloriae

228 2424 288 2464 Tu,
315 2424 428 2467 Papia,
457 2425 632 2466 gloriosum
925 2436 1182 2482 Praeposuitque
1209 2447 1325 2478 ceteris

227 2473 276 2503 Ac
302 2473 497 2505 salvatorem
524 2476 676 2510 omnium.
925 2486 1088 2520 Honorem
1118 2494 1192 2523 tuae
1218 2496 1356 2533 patriae.

1272 2551 1328 2579 19*
