1653 2656
762 172 1023 208 —253—

227 256 260 288 7.
287 255 423 290 Fratres
448 261 562 302 viginti
588 266 708 306 septies

286 305 381 338 Vitae
409 307 458 341 bis
485 310 569 344 binis
595 315 700 347 sexies

286 353 432 388 Servatis
460 359 535 391 divo
560 371 692 395 munere

285 402 425 436 Caelesti
453 407 572 440 dantur
593 412 730 450 patriae.

924 272 956 305 8.
984 272 1037 304 Sic
1063 273 1151 306 iuxta
1180 277 1363 308 vaticinium

981 320 1124 354 Functus
1151 323 1220 355 vice
1246 326 1427 357 mortalium

983 369 1079 401 Pater
1104 371 1222 403 virtute
1250 373 1367 404 clarior

981 416 1193 458 Subsequitur
1220 419 1356 454 felicior.

596 498 627 529 9.
654 499 722 538 Quo
749 509 805 531 rex
832 505 984 534 aeternae
1010 504 1131 543 gloriae

656 546 719 577 Det
745 547 837 579 nobis
864 559 992 590 semper
1010 552 1130 594 vivere,

654 594 712 626 Cui
738 596 780 627 sit
801 598 1044 638 omnipotentia,

651 642 774 683 Honor,
802 645 904 677 virtus
931 650 963 678 et
988 648 1103 688 gloria.

297 721 381 749 Offic.
411 733 463 750 ms.
486 727 515 752 S.
538 726 633 753 Mauri
658 736 733 754 saec.
759 727 802 756 12.
825 739 869 757 ex.
891 731 961 759 Cod.
984 734 1196 769 Petroburgen.
1219 737 1324 764 memb.
1348 738 1397 767 lat.
1422 740 1444 766 F
1465 741 1477 766 1
1500 739 1545 767 27.

219 760 336 787 Daraus
358 762 468 790 Gillert
489 764 519 790 in
540 765 676 801 Briegers
698 767 825 794 Zeitsch.
847 770 866 796 f.
887 770 1116 809 Kirchengescln.
1139 774 1189 804 IV,
1213 774 1267 801 607
1291 785 1317 802 u.
1341 777 1358 802 f.

660 947 730 978 423.
771 948 815 979 De
836 951 944 980 sancto
965 951 1106 982 Maximo.

741 1008 789 1035 Ad
812 1009 1017 1045 Vesperas.

215 1080 246 1113 1.
275 1079 458 1123 Gratulare,
484 1083 673 1125 iucundare,

321 1129 484 1161 Fidelium
512 1132 650 1172 devotio,

275 1177 364 1212 Veni,
394 1178 446 1209 die
471 1182 575 1218 pater,
608 1180 671 1220 pie,

317 1225 448 1267 Mayno
473 1227 591 1260 salutis
615 1229 751 1269 yaudio.

209 1312 240 1343 2.
271 1311 351 1349 Nos,
380 1313 523 1345 Maxime
549 1316 761 1354 sanctissime,

910 1090 942 1120 4.
971 1089 995 1120 O
1020 1090 1162 1132 lucerna,
1190 1097 1223 1124 tu
1250 1095 1405 1133 pincerna

1018 1137 1148 1181 Christi,
1177 1140 1308 1174 reflores
1334 1146 1438 1183 gratia

968 1185 1139 1230 Imitando,
1169 1189 1420 1225 demonstrando

1014 1234 1120 1265 Beata
1147 1235 1243 1269 nobis
1267 1240 1404 1279 quadiu.

911 1323 938 1351 Γ.
966 1320 1146 1362 Diligamus
1174 1328 1205 1354 et
1231 1325 1373 1365 legamus

318 1360 477 1402 Defende,
506 1363 600 1395 dator
626 1374 805 1407 munerum,

268 1408 314 1439 Te
340 1411 470 1452 amavit,
499 1414 532 1442 te
559 1412 676 1443 ditavit

317 1456 485 1501 Conditor,
514 1460 608 1502 alme,
635 1461 793 1493 sidermn.

1016 1369 1280 1412 Confessorisque
1303 1383 1413 1414 opera,

965 1417 1052 1457 Quae
1081 1419 1300 1453 demonstrant
1328 1428 1358 1454 et
1377 1425 1541 1458 illustrant

1012 1465 1157 1498 Aeterna
1184 1468 1306 1501 Christi
1332 1482 1481 1506 munera.

204 1545 237 1576 3.
264 1544 362 1575 Hunc
390 1555 543 1588 amemus,
572 1547 656 1579 hunc
673 1549 842 1582 laudemus
904 1553 936 1585 6.
964 1553 1094 1596 Precor,
1123 1564 1178 1586 ora
1206 1557 1274 1588 sine
1301 1568 1399 1597 mora,

313 1594 491 1626 Maximum
519 1596 650 1636 dignum
676 1598 810 1637 gratiae,
1011 1602 1163 1640 Maxime,
1193 1606 1273 1636 caeli
1302 1608 1431 1640 candidi

262 1642 362 1681 Quem
390 1642 536 1675 laudavit
563 1648 595 1675 et
621 1645 728 1677 beavit
963 1649 1007 1682 Ut
1033 1660 1090 1682 nos
1119 1653 1217 1684 ducas
1245 1659 1275 1685 et
1303 1657 1464 1689 conducas

310 1689 469 1723 Summae
494 1692 586 1725 Deus
612 1693 810 1730 clementiae,
1008 1699 1066 1731 Ad
1091 1710 1205 1732 cenam
1231 1704 1309 1743 agmi
1330 1707 1476 1744 providi,

280 1777 367 1804 Brev.
396 1786 449 1804 ms.
479 1779 613 1806 Cavense
641 1782 712 1808 anni
743 1779 826 1809 1308.
861 1782 1141 1814 Cod.·Casanaten.
1173 1787 1202 1815 C.
1239 1790 1283 1816 III
1318 1788 1336 1817 2
1362 1790 1469 1823 (1575).
1501 1808 1519 1811 -

201 1813 226 1847 6,
251 1813 263 1842 1
288 1816 450 1843 Precaniur
472 1826 532 1844 ora.

632 1972 704 2004 424.
746 1974 787 2005 De
811 1977 919 2007 sancto
941 1977 1085 2009 Maximo.

711 2036 762 2062 Ad
785 2037 1023 2065 Nocturnum.

196 2111 227 2143 1.
256 2110 435 2143 Nocturnis
461 2112 495 2144 in
522 2113 653 2154 vigiliis,

255 2161 293 2192 In
320 2159 456 2191 Maximi
484 2161 661 2194 sollemniis

254 2208 376 2240 Noster
403 2209 520 2241 chorus
545 2211 704 2251 invigilet,

255 2258 356 2297 Quem
383 2257 491 2289 cordis
519 2267 596 2290 voce
622 2261 775 2299 postulet.

897 2118 929 2149 3.
952 2117 1104 2160 Maxime,
1133 2125 1227 2159 pater
1252 2121 1374 2160 inclite,

957 2166 982 2198 O
1010 2166 1176 2199 confessor
1202 2170 1380 2209 magnifice,

958 2214 1088 2246 Virtute
1116 2216 1175 2247 Dei
1200 2219 1361 2261 praedite,

956 2262 1052 2295 Caelo
1080 2263 1183 2304 fulges
1211 2267 1355 2302 mirifice.

195 2345 227 2377 2.
257 2344 438 2376 Psallamus
465 2344 498 2376 in
525 2346 687 2378 natalibus

250 2392 468 2433 Doctorisque
493 2395 688 2435 praeconiis,

249 2442 286 2474 In
314 2441 444 2482 hymnis
469 2442 672 2482 spiritalibus

247 2490 380 2531 Magnis
408 2490 566 2522 laetemur
590 2493 730 2531 gaudiiS.

889 2350 922 2382 4.
951 2349 975 2381 O
1001 2352 1152 2383 sacerdos
1179 2354 1392 2395 sanctissime,

951 2397 1052 2430 Nobis
1079 2405 1209 2439 praesta
1236 2404 1423 2448 remedium,

950 2447 1055 2488 Nunc,
1083 2449 1225 2482 Maxime
1253 2453 1432 2495 mitissime,

950 2495 1000 2528 Da
1026 2497 1118 2529 nobis
1145 2508 1274 2540 semper
1301 2504 1461 2542 gaudium.
