1653 2656
740 159 999 194 —263—

203 251 236 284 5.
265 249 364 284 Sacro
391 253 537 293 repletus
559 252 688 287 flamine
901 260 933 292 6.
961 258 1023 290 Hic
1053 259 1156 290 nudus
1181 260 1302 292 nudum
1330 260 1483 300 sequitur,

263 300 313 332 Ac
339 310 514 340 puerorum
540 303 667 343 agmine
960 307 1040 338 Eius
1068 315 1192 338 erucem
1219 308 1434 348 amplectitur,

263 347 410 388 Stipatus
437 354 543 382 mente
569 352 684 384 sedula
961 356 1093 387 Hostem
1120 357 1224 387 nudus
1250 356 1447 397 aggreditur,

264 397 326 429 Dei
354 396 442 430 fatur
468 400 639 440 magnalia.
961 404 1090 435 Caelum
1119 404 1208 435 dives
1234 405 1426 445 ingreditur.

618 508 647 542 7.
679 509 824 548 Praesta,
854 513 948 549 pater
971 510 1123 550 ingenite.

279 610 362 636 Brev.
392 620 444 637 ms.
467 612 656 640 Franciscan.
687 621 763 640 saec.
788 612 861 648 ¹4l15.
885 614 955 641 Cod.
979 615 1168 642 Alexandrin.
1191 614 1255 643 233.
1277 630 1314 634 —
1335 616 1360 650 3,
1388 615 1405 641 3
1427 617 1528 643 lateoe.

199 661 234 666 —
258 646 286 680 3,
307 646 325 675 3
351 651 484 678 resuriet.
506 665 543 669 —
565 649 590 683 5,
616 650 628 678 1
651 651 770 678 famine.

589 832 664 863 440.
706 832 748 863 De
770 841 794 863 S.
816 831 942 864 Nicolao
964 833 1146 873 Peregrino.

731 913 774 939 In
801 913 1006 939 Laudibus.

226 1029 234 1037 .
262 1007 330 1039 Iam
358 1008 439 1040 lucis
464 1012 535 1040 orto
561 1009 668 1040 sidere
897 1013 928 1043 4.
958 1011 1106 1050 Hydrun]
1133 1012 1278 1051 gestabat
1305 1021 1442 1050 aereum,

263 1055 396 1088 Patrem
420 1056 588 1088 laudemus
615 1058 747 1097 gloriae,
957 1058 1166 1098 Figurantem
1192 1060 1387 1096 aethereum,

260 1104 342 1135 Post
368 1104 538 1136 Nicolaum
565 1114 758 1145 pauperem,·
957 1108 1079 1139 Sanans
1106 1116 1274 1147 aegrorum
1300 1109 1388 1139 milia

262 1152 419 1184 Caelestis
445 1152 538 1184 aulae
564 1153 708 1184 militem.
957 1155 1060 1185 Huius
1089 1156 1181 1186 vallis
1208 1157 1239 1187 in
1266 1156 1363 1190 invia.

226 1283 233 1290 .
259 1256 324 1288 Hic
350 1256 514 1289 Gedeonis
542 1257 658 1293 facula.
898 1262 930 1292 5.
958 1259 1067 1291 Novus
1099 1261 1243 1292 ascendit
1270 1261 1376 1293 incola

261 1305 402 1346 Lagena,
431 1306 535 1337 latens
561 1316 664 1341 cerea,
959 1307 1100 1346 Caelum,
1130 1318 1223 1340 verus
1251 1309 1386 1349 deicola,

262 1354 381 1386 Potens
410 1354 516 1386 beavit
544 1356 683 1395 patriam
959 1357 1220 1388 Patriarcharum
1247 1358 1351 1388 socius

258 1402 407 1434 Hostium
437 1404 576 1435 caedens
603 1405 740 1443 agmina.
957 1406 1077 1437 Factus
1105 1411 1153 1437 est
1179 1407 1228 1437 vir
1255 1406 1443 1439 catholicus,

227 1534 233 1540 .
262 1509 382 1541 Pannis
409 1509 541 1541 indutus
568 1510 687 1541 vilibus
900 1513 932 1544 6.
962 1512 1090 1544 Gaudet
1117 1512 1233 1543 cholus
1261 1513 1423 1553 angelicus

264 1557 369 1589 Nudis
395 1558 517 1589 incedit
543 1558 690 1598 pedibus,
960 1560 1059 1592 Simul
1086 1566 1117 1592 et
1142 1561 1348 1601 apostolicus,

258 1606 441 1646 Baptistam
470 1615 606 1646 sequens
633 1607 758 1639 actibus
959 1609 1107 1641 Gaudeat
1133 1609 1247 1641 chorus
1275 1615 1462 1650 martyrum,

257 1654 430 1695 Eliamque
459 1655 644 1687 virtutibus.
959 1656 1185 1690 Confessorum
1213 1662 1243 1689 et
1271 1659 1440 1699 virginum.

613 1765 644 1796 7.
672 1764 818 1803 Praesta,
846 1768 940 1804 pater
966 1765 1118 1805 ingenite.

273 1869 363 1896 Brev.
385 1869 573 1896 Franciscan.
597 1877 673 1896 saec.
691 1868 1058 1898 ¹⁴l15.C0d.Alexandrin.
1076 1870 1140 1899 233.
1156 1889 1193 1892 —
1216 1871 1241 1903 2,
1264 1870 1281 1899 2
1303 1872 1397 1899 laten<
1420 1882 1529 1900 crecea.

658 2062 723 2094 441.
762 2062 801 2094 De
823 2066 932 2094 sancto
956 2064 1065 2094 Olavo.

699 2144 751 2171 Ad
781 2145 1024 2171 Nocturnum.

216 2266 224 2274 .
254 2240 356 2272 Tardi
382 2240 513 2280 quidam
539 2241 582 2272 ad
610 2241 806 2273 credendum
891 2243 923 2273 2.
952 2241 1130 2273 Multitudo
1157 2241 1319 2273 adunatur

299 2288 393 2320 Nova
418 2288 489 2320 iura
515 2288 592 2320 fidei
1000 2290 1043 2321 Et
1070 2289 1191 2321 bellum
1220 2291 1392 2332 inducitur,

252 2336 417 2369 Christum
445 2340 564 2378 negant
591 2337 827 2376 confitendum3
950 2338 1107 2378 Iniquitas
1135 2339 1327 2381 dominatur,

297 2386 357 2426 Qui
385 2386 494 2418 cordis
520 2386 643 2426 lapidei
999 2387 1035 2418 In
1063 2396 1170 2427 regem
1198 2388 1343 2430 erigitur,

253 2435 345 2475 Sunt,
365 2434 553 2474 conspirant
568 2435 610 2467 ad
624 2435 828 2475 perdendum
948 2435 1014 2467 Leo
1042 2435 1134 2467 fortis
1163 2436 1352 2478 decollatur,

297 2482 520 2516 Plantatorem
548 2481 636 2518 fidei.
998 2484 1043 2516 Et
1067 2485 1171 2516 iustus
1199 2487 1385 2520 conteritur.
