1653 2656
715 126 949 161 —22-

171 229 202 260 3.
231 226 349 267 Figunt
374 226 473 266 pedes
498 225 645 257 innoxios
862 224 895 257 4.
921 222 1077 255 Succurre
1103 219 1178 257 tuis,
1205 226 1406 259 quaesumus,

231 275 324 308 Cruci
354 278 459 306 truces
486 277 518 305 et
542 273 644 313 impii,
921 270 981 309 Qui
1007 267 1192 308 sanguinem
1217 264 1326 298 fundis
1350 270 1440 297 tuum

229 323 363 363 Lignum
391 322 494 354 crucis
522 321 639 353 nudum
667 320 753 360 rapit
921 318 1106 356 Durumque
1133 313 1199 346 fers
1224 313 1414 354 patibulum,

231 371 365 409 Iustum,
392 371 501 410 leprae
527 369 734 402 simillimum.
922 366 1029 398 Servis
1054 363 1157 395 crucis
1184 361 1346 394 fidelibus.

552 467 582 497 5.
611 464 679 496 Deo
706 464 791 503 patri
818 463 860 494 sit
885 462 988 503 gloria

611 512 849 551 Vulneratoque
875 510 941 541 filio

613 561 691 592 Cum
718 559 833 598 spiritu
859 556 1016 597 paraclito

610 607 653 639 Et
677 616 761 638 nunc
787 610 817 637 et
843 606 876 637 in
902 608 1104 645 perpetuum.

250 704 333 730 Brev.
356 703 475 729 fratrum
498 702 695 729 Eremitarum
718 702 811 727 sancti
833 700 919 727 Pauli
942 701 1010 734 imp.
1033 699 1166 725 venetiis
1191 695 1272 724 1640.

637 861 684 892 29.
728 861 769 891 De
791 863 902 891 sancta
924 859 1029 890 Cruce.

644 931 693 958 Ad
723 931 828 966 Vesp.
857 933 891 957 et
918 931 1018 956 Noct-

178 1021 207 1052 1.
235 1020 317 1058 Ave,
345 1027 432 1058 crux,
460 1018 578 1059 lignum
606 1017 722 1057 nobile,
865 1019 896 1048 4.
925 1016 972 1047 Tu
998 1016 1075 1055 ligni
1104 1015 1189 1046 vitae
1216 1013 1372 1054 surculus,

237 1067 389 1098 Aeternis
416 1066 512 1105 digna
536 1065 695 1103 laudibus
923 1064 972 1095 Tu
997 1063 1200 1103 triumphalis
1226 1061 1348 1102 titulae,

236 1114 333 1146 Hosti
360 1114 481 1153 signum
510 1113 668 1152 terribile,
923 1111 971 1142 Tu
998 1111 1079 1142 vecti
1107 1110 1191 1141 botri
1216 1109 1352 1145 baiulus,

237 1163 399 1201 Impressa
425 1170 532 1200 regum
558 1159 727 1193 frontibus.
923 1160 1021 1198 Quem
1048 1157 1111 1189 fert
1137 1162 1270 1196 uterque
1297 1156 1444 1196 populus,

176 1259 209 1290 2.
237 1257 262 1289 Ο
289 1265 377 1294 cmx,
408 1256 494 1286 inter
519 1255 661 1294 pericula
864 1256 896 1287 5.
924 1253 1009 1285 Crux
1035 1263 1102 1291 ara,
1132 1262 1208 1283 crux
1236 1252 1400 1290 craticula,

236 1305 285 1336 Tu
310 1302 512 1343 naufraganti
539 1303 658 1339 tabula,
923 1301 974 1332 Da
1001 1301 1093 1332 nobis
1119 1300 1192 1340 agni
1221 1299 1351 1341 fercula,

238 1353 299 1384 Per
325 1355 357 1382 te
383 1354 561 1391 purgantur
587 1350 731 1388 crimina,
924 1349 982 1388 Qui
1009 1349 1094 1380 solus
1121 1349 1189 1379 sine
1215 1348 1340 1379 macula

237 1400 295 1431 Cui
323 1403 412 1430 vetus
439 1398 533 1429 cessit
559 1398 687 1429 lamina.
926 1397 1027 1428 Solvit
1051 1406 1069 1428 a
1096 1396 1167 1427 labe
1194 1396 1331 1428 saecula.

177 1497 208 1528 3.
237 1495 299 1527 Per
325 1497 357 1525 te
382 1494 526 1524 salvatur
552 1492 652 1523 Israel
866 1493 897 1524 6.
926 1492 1135 1524 Constantino
1162 1492 1328 1523 victoriam

236 1542 287 1574 Ab
314 1541 416 1573 hostis
443 1540 642 1580 exterminio,
925 1539 1010 1571 Crux
1038 1539 1127 1570 dedit
1154 1544 1186 1570 et
1214 1540 1374 1576 Heraclio,

239 1589 459 1629 Praesignavit
485 1588 636 1619 Ezechiel
923 1586 990 1618 Nos
1017 1587 1102 1618 cruci
1129 1588 1239 1619 demus
1263 1588 1408 1628 gloriam,

237 1637 302 1669 Sub
329 1637 397 1668 Tau
423 1640 454 1667 te
479 1636 643 1675 mysterio.
926 1635 988 1667 Per
1013 1644 1106 1674 quam
1135 1640 1244 1667 nostra
1271 1636 1461 1676 redemptio.

535 1732 564 1765 7.
590 1730 701 1762 Gloria
727 1730 796 1767 tibi,
824 1730 970 1772 Domine,

590 1779 668 1810 Cum
695 1783 786 1817 patre
811 1782 842 1809 et
866 1781 975 1810 sancto
1001 1777 1139 1816 flamine,

590 1827 649 1865 Qui
674 1834 841 1865 resurgens
867 1835 885 1857 a
910 1826 1044 1857 mortuis

592 1875 728 1905 Mortem
755 1883 813 1915 per
839 1882 964 1905 crucem
993 1874 1143 1905 destruis.

256 1972 374 1999 Prosar.
396 1980 447 1997 ms.
470 1971 636 1997 Parisiense
659 1978 736 1995 saec.
759 1966 802 1995 13.
825 1967 895 1995 Cod.
916 1968 1058 1995 Assisien.
1080 1968 1234 1996 Commun.
1259 1967 1324 1995 695.

641 2119 688 2150 30.
732 2119 773 2149 De
795 2120 904 2148 sancta
925 2117 1029 2149 Cruce.

700 2190 739 2216 Iu
765 2188 972 2216 Laudibus.

181 2282 214 2314 1.
241 2280 375 2312 Aeterni
402 2280 504 2319 patris
529 2278 655 2310 unicum
872 2277 903 2308 2.
931 2275 1030 2307 Verbi
1057 2276 1161 2308 celant
1187 2279 1364 2317 potentiam

242 2328 369 2370 Tangat
395 2327 526 2359 affectus
552 2327 745 2366 supplicum,
932 2324 1065 2364 Sumpta
1091 2325 1197 2356 carnis
1222 2328 1387 2370 mysteria,

239 2377 300 2417 Qui
326 2385 384 2416 per
410 2376 512 2407 crucis
539 2375 725 2416 mysterium
931 2373 1016 2404 Vicit
1043 2373 1142 2404 hostis
1169 2375 1322 2406 malitiam

241 2425 358 2458 Mortis
384 2425 479 2456 solvit
504 2424 683 2464 imperium.
932 2421 1049 2453 Divina
1075 2422 1243 2462 sapientia.
