1653 2656
697 93 931 128 „39-

264 194 321 226 25.
350 192 506 224 Versibus
531 192 592 234 his,
618 189 749 232 praesul
775 193 807 220 te
833 188 941 221 nutrix
970 188 1034 219 fide
1060 188 1204 219 salutans

398 241 555 281 Deposcit
581 239 704 271 vultum
729 238 816 269 laeta
842 237 954 268 videre
981 240 1079 267 tuum.

349 289 503 321 Personis
529 288 649 320 trinum
675 286 858 324 Dominum,
888 285 1009 317 deitate
1036 283 1093 315 sed
1119 292 1227 324 unum,

403 337 521 370 Omnes
549 344 688 374 oramus,
715 343 777 374 quo
803 334 863 365 tibi
890 334 985 373 longa
1012 332 1098 364 salus

350 385 453 426 Assit,
481 388 512 416 et
538 388 572 416 ut
599 384 684 415 vitae
711 382 856 422 fungaris
883 385 969 413 sorte
997 378 1112 413 beatae

267 435 325 467 30.
402 433 556 466 Praevius
583 435 615 464 et
641 432 740 464 ducas
766 435 877 471 pastor
904 430 945 462 ad
973 429 1040 461 alta
1065 437 1205 469 gregem.

353 482 480 523 Sidera,
506 482 597 514 clara
622 480 722 521 prius,
751 482 859 511 vestro
886 478 1082 510 adventante
1109 477 1223 509 decor(¹

403 529 613 571 splendidius
641 529 740 560 multo
767 527 850 559 fulta
876 527 981 558 nitore
1007 526 1137 557 micant.

355 579 532 618 Mentibus,
559 587 646 620 ecce,
674 577 740 608 suis
766 576 908 616 gaudens
935 575 1023 607 locus
1050 574 1120 613 ipse
1146 573 1292 612 resultat,

408 629 450 661 Se
476 627 616 668 gaudere
642 625 770 666 probat,
798 624 868 664 quis
894 624 990 663 valet⁷
1018 622 1158 654 indiciis.

275 678 332 712 35.
358 678 487 714 Astant,
516 684 599 717 ecce,
626 677 736 714 patres
764 673 871 704 votiva
897 671 1082 712 precamina
1109 670 1233 709 dantes,

408 725 449 757 Et
478 728 509 755 te
537 723 634 755 corde
658 723 712 762 pio
739 722 872 762 quisque
900 720 996 751 beare
1020 719 1118 759 cupit.

362 774 498 813 Insuper
525 775 557 803 et
582 771 720 812 populus
747 779 813 811 vos,
843 768 984 809 praesul,
1012 768 1117 798 visere
1144 767 1245 797 laetus

409 821 510 861 Urget
537 820 578 852 ad
603 823 730 859 optatas
757 827 812 849 vos
839 823 1008 857 superesse
1032 824 1156 855 preces.

231 918 320 946 Grad.
335 927 387 946 ms.
402 916 556 944 Miudense
578 924 654 941 saec.
680 912 723 940 11.
746 914 784 939 in.
802 913 871 940 cod.
889 911 1054 938 Berolineu.
1073 907 1134 937 1V⁰
1154 908 1195 936 11.
1212 909 1278 936 add.
1293 918 1369 936 saec.
1387 906 1430 935 12.
1446 923 1482 928 —

153 958 228 986 Vers
251 956 265 984 1
295 957 353 984 und
375 955 393 984 2
419 955 529 982 kehren
556 952 761 980 abwechselnd
790 951 864 978 nach
889 951 919 984 je
948 950 1037 976 zwei
1067 948 1223 975 Distichen
1251 949 1295 975 als
1323 947 1483 975 Rnndreim

154 997 271 1024 wieder.

577 1094 623 1125 57.
664 1093 724 1124 Pro
748 1093 827 1122 Duce
849 1090 1064 1121 Venetiarum.

161 1191 191 1223 1.
219 1188 352 1221 Ducalis
380 1187 473 1218 sedes
499 1185 611 1217 inclita
854 1186 884 1215 5.
913 1182 938 1214 Ο
964 1184 1074 1213 sancte
1099 1180 1223 1219 Marce,
1248 1179 1431 1218 praesidem

215 1237 261 1269 Es
291 1236 487 1268 Venetorum
515 1234 665 1274 praedita
913 1230 1083 1269 Nunquam
1110 1228 1236 1260 videbis
1276 1253 1282 1259 .
1335 1252 1341 1259 .
1457 1254 1463 1259 .

215 1285 279 1317 NN
308 1284 400 1323 duce,
428 1292 489 1323 quo
519 1291 636 1322 supera
915 1300 1465 1310 ..........

218 1333 353 1367 Locaris
380 1332 465 1363 inter
491 1331 609 1362 sidera.
916 1348 1468 1360 ..........

158 1442 192 1474 2.
219 1440 291 1472 Hoc
320 1439 402 1471 duce
428 1441 497 1469 tuta
523 1445 702 1476 permaneS‚
855 1433 876 1467 6
881 1455 1286 1467 ........
1340 1430 1453 1460 Veneti

220 1489 341 1520 Hostes
368 1487 429 1518 hoc
457 1485 538 1517 duce
562 1485 712 1525 perimes,
916 1482 988 1513 Tibi
1016 1486 1162 1512 tenemur
1190 1480 1302 1519 debiti,

220 1537 292 1569 Hoc
320 1535 401 1567 duce
426 1534 468 1566 ad
493 1534 559 1565 alta
586 1533 704 1568 venies,
917 1530 1008 1569 Quod
1037 1533 1145 1561 noster
1173 1529 1237 1560 dux
1264 1532 1310 1559 est
1339 1527 1464 1567 genitus

222 1584 297 1617 Tibi
321 1586 435 1615 cuncta
460 1582 609 1615 subicies.
917 1579 965 1611 De
992 1583 1034 1618 te,
1063 1578 1214 1618 princeps
1242 1574 1416 1616 magificus.

163 1693 194 1726 3.
223 1692 305 1723 Voto
331 1698 502 1730 precamur
527 1688 649 1723 sedulo,
860 1687 890 1719 7.
919 1686 943 1717 O
973 1685 1112 1723 Christe,
1141 1687 1248 1724 grates
1275 1683 1397 1722 agimus

222 1740 286 1772 Diu
313 1738 468 1770 consistas
495 1736 585 1777 solio⁷
918 1733 1054 1773 Tibique
1083 1738 1155 1763 vota
1182 1732 1344 1771 solvimus,

221 1789 332 1828 Longo
359 1787 448 1818 vivat
473 1785 609 1825 imperio
918 1783 976 1822 Qui
1005 1791 1062 1813 nos
1090 1781 1208 1812 dotasti
1236 1780 1397 1820 praeduce

221 1836 361 1870 Excelso
387 1836 464 1868 Iove
490 1834 633 1874 praevio.
919 1831 1025 1862 Tanto
1052 1835 1176 1861 rectore
1204 1829 1345 1860 consule.

162 1947 194 1978 4.
221 1945 372 1984 Laetare,
400 1940 494 1976 festa,
521 1940 632 1981 iubila„
859 1940 889 1971 8.
917 1937 1012 1968 Hunc
1040 1935 1131 1968 nobis
1159 1945 1252 1966 serva
1279 1934 1469 1965 incolumem

222 1992 360 2025 Senatus
388 1995 420 2022 et
446 1989 538 2030 plebs
566 1990 699 2027 Veneta,
918 1986 1062 2018 Ducatus
1089 1984 1192 2016 nostri
1219 1984 1375 2019 columen,

222 2041 285 2074 NN
311 2039 370 2072 sub
398 2039 458 2072 alis
485 2038 617 2070 condita
919 2036 987 2074 Quo
1014 2037 1119 2064 stante
1147 2033 1205 2063 tuti
1229 2032 1384 2063 stabimus

222 2090 394 2130 Nunquam
420 2087 546 2120 videbis
569 2086 690 2118 nubila.
920 2083 961 2115 Et
989 2083 1033 2113 nil
1060 2082 1190 2113 adversi
1219 2080 1365 2112 dabimus

504 2187 536 2218 9.
563 2185 589 2217 Ο
619 2186 729 2216 sancte
753 2182 877 2220 Marce,
905 2179 1087 2220 praesidem

564 2233 617 2265 Ad
644 2240 745 2271 usque
771 2235 862 2261 terae
887 2229 1022 2260 limitem

567 2281 630 2314 NN
657 2280 789 2321 praefer
815 2277 967 2316 dominio„

565 2331 735 2370 Nunquam
765 2327 912 2359 vincatur
938 2325 1071 2365 proelio.

239 2430 365 2459 collect.
386 2437 438 2456 ms.
461 2428 617 2455 Brixiense
642 2434 718 2453 saec.
741 2422 816 2452 ¹⁵l16.
843 2422 913 2450 Cod.
936 2422 1099 2449 Bononien.
1121 2417 1205 2446 2216.
