1653 2656
740 131 1001 166 —210—

449 232 481 262 5.
507 228 634 261 Turbae
661 228 838 260 catholicae
863 236 976 268 panem
1004 227 1082 258 dant
1106 225 1229 266 gratiae

509 277 641 316 Fugatis
667 276 822 317 hostibuS‚
849 276 951 317 pulsis
976 273 1192 315 serpentibus,

556 325 609 356 Ad
635 325 785 356 momenti
811 324 948 364 spatium

603 373 698 405 Caelo
723 372 903 404 reddebant
927 371 1086 411 spiritum.

451 481 483 513 6.
510 477 696 510 Sanctorum
723 478 873 518 precibus
899 478 930 509 in
957 481 989 508 te
1015 475 1232 515 credentibus,

510 526 583 558 Iesu
609 527 746 568 Christe,
773 526 836 557 tuis
862 525 1001 557 concede
1027 524 1156 556 famulis

555 575 746 614 Temporale
773 573 971 605 commodum

606 622 646 653 Et
674 626 836 653 aeternum
865 621 1054 654 subsidium.

453 727 482 760 7.
509 727 546 759 In
574 727 632 757 hoc
657 726 825 757 sollemnio
852 726 938 766 patri
963 725 1104 766 ingenito

508 774 648 814 Eiusque
674 774 740 805 filio
766 775 807 805 sit
833 780 865 804 et
891 773 1047 812 paraclito

558 822 662 854 Decus
689 828 719 852 et
745 822 913 861 imperium

605 870 647 901 Et
673 879 755 901 nunc
782 874 813 900 et
838 870 870 900 in
897 872 1098 909 perpetuum.

292 971 376 997 Brev.
399 969 436 997 ad
457 978 565 996 morem
588 969 740 996 Severiani
763 969 886 1004 Collegii
909 968 1139 1004 Erphordiensis
1161 969 1229 1003 imp.
1251 968 1422 1003 Maguntiae
1446 965 1529 995 1518.

594 1114 662 1144 352.
704 1114 745 1144 De
767 1122 806 1144 ss.
828 1114 910 1144 lusto
932 1115 964 1144 et
986 1113 1151 1144 Clemente.

240 1224 247 1232 .
274 1199 392 1230 Felicis
417 1200 501 1231 alma
526 1199 646 1239 gloriae

273 1247 370 1278 Festa
395 1246 597 1287 praefulgent
623 1247 726 1285 hodie,

273 1295 339 1333 Qua
366 1293 563 1326 confessores
588 1295 690 1325 incliti

276 1342 457 1373 Probantur
483 1342 570 1373 caelo
595 1342 743 1381 praediti.

241 1473 247 1479 .
275 1449 380 1479 Iustus
406 1453 437 1479 et
463 1449 607 1483 Clemens
633 1449 769 1486 nomine,

277 1495 373 1527 Sacro
400 1496 514 1535 repleti
540 1494 675 1537 flamine,

277 1543 358 1574 Nam
384 1543 467 1574 iusta
493 1552 550 1582 per
576 1544 709 1583 vestigia

276 1591 399 1622 Micant
424 1591 534 1622 borum
561 1591 717 1631 prodigia.

242 1721 250 1729 .
277 1696 368 1728 Nunc
396 1696 586 1727 Vulterrana
612 1696 760 1738 gaudeas,

278 1744 355 1776 Cum
383 1745 462 1775 tales
488 1749 596 1783 patres
622 1744 749 1782 habeas,

276 1791 361 1824 Gens
386 1797 459 1823 vota
485 1792 588 1831 dignis
614 1792 762 1823 laudibus

276 1840 428 1872 Persolve
454 1839 698 1871 confessoribus.

241 1970 249 1978 .
275 1946 302 1976 A
331 1945 547 1976 Vandalorum
574 1944 720 1984 gentibus

273 1993 318 2024 Te
343 1996 512 2032 protexere
537 1993 683 2033 panibus,

276 2041 366 2079 Quod
394 2044 462 2072 erat
488 2049 561 2072 esca
587 2041 712 2076 civium,

278 2088 330 2119 Fit
358 2089 437 2120 dura
464 2089 563 2128 pestis
586 2089 733 2122 hostium.

901 1202 931 1229 5.
961 1197 1036 1229 Cum
1065 1198 1171 1229 hostes
1196 1207 1279 1238 pane
1305 1197 1435 1240 feriunt,

960 1246 1085 1277 Virtute
1111 1245 1196 1277 cives
1222 1246 1367 1278 muniunt

960 1293 1003 1324 Et
1027 1293 1151 1324 meritis
1176 1293 1360 1333 potentibus

959 1341 1103 1373 'l'uentur
1128 1350 1147 1372 a
1172 1341 1385 1381 serpentibus.

901 1450 931 1480 6.
960 1448 1154 1480 Succurrunt
1181 1449 1402 1488 energumenis

959 1496 1083 1527 Favore
1110 1496 1185 1527 celsi
1213 1496 1350 1527 numinis

960 1544 1107 1575 Obsessis
1135 1544 1174 1575 de
1201 1544 1390 1583 corporibus

959 1591 1132 1622 Exterritis
1159 1591 1377 1624 daemonibus.

925 1722 929 1727 .
958 1697 1130 1728 Testantur
1156 1697 1235 1728 haec
1260 1698 1385 1737 Italiae,

960 1745 1150 1776 Praesertim
1177 1745 1288 1784 plebes
1314 1746 1460 1784 Tusciae,

959 1792 1108 1823 Petentes
1134 1793 1245 1824 horum
1272 1794 1383 1826 limina

962 1840 1094 1872 Morbos
1120 1845 1241 1880 ponunt
1267 1846 1298 1873 et
1325 1842 1471 1876 crimina.

929 1970 936 1977 .
964 1945 1056 1977 Nunc
1083 1944 1283 1978 confessores
1308 1948 1393 1978 unici

963 1993 1083 2024 Favete
1110 1994 1197 2033 plebi
1223 1995 1373 2036 supplici,

964 2042 1050 2080 Quae
1077 2051 1132 2073 vos
1157 2051 1217 2081 pro
1243 2051 1298 2074 suo
1324 2043 1454 2076 modulo

963 2089 1108 2121 Honorat
1134 2090 1166 2121 in
1191 2090 1251 2121 hoc
1275 2091 1414 2125 saeculo.

602 2196 633 2226 9.
662 2194 827 2225 Laudetur
850 2194 910 2225 Dei
935 2194 1047 2234 gloria,

662 2242 818 2273 Maiestas
843 2246 875 2273 et
902 2242 1047 2284 victoria,

663 2289 891 2322 Substantialis
915 2291 1019 2322 unitas

664 2338 707 2370 Et
733 2339 911 2378 personalis
937 2339 1075 2372 trinitas.

293 2438 374 2465 Offie.
397 2447 448 2465 ms.
473 2437 503 2464 S.
523 2438 651 2474 Galgani
672 2446 748 2466 saec.
773 2436 816 2465 16.
838 2438 907 2466 Cod.
930 2438 1034 2467 Senen.
1058 2441 1079 2467 1?
1100 2441 1143 2468 VI
1163 2439 1209 2468 22.
