1653 2656
711 155 878 190 -290
929 173 972 178 —

192 266 222 297 5.
250 263 324 299 Cur,
352 260 479 299 Iudaea,
506 255 668 289 seduceris
872 252 902 284 7.
928 249 1032 282 Huius
1057 256 1133 288 ergo
1158 256 1216 279 nos
1241 245 1414 286 praecibus

251 309 346 341 Cuius
374 307 521 338 victimae
548 301 708 344 pereunt?
930 297 1018 330 Mole
1044 296 1214 336 depressos
1241 294 1409 326 criminum

248 357 329 388 Dum
356 364 432 395 gens
457 353 573 384 misera
599 350 733 388 falleris,
930 344 1085 385 Supernis
1111 344 1224 383 iungas
1249 341 1384 382 civibus,

253 403 375 436 Vexilla
400 401 483 442 reyis
502 400 675 440 prodeunt.
929 393 1016 430 Iesu,
1043 400 1164 423 corona
1191 388 1369 430 virginum.

195 504 224 533 6.
253 502 364 531 Castus
390 502 423 528 ut
451 497 564 528 candet
590 495 742 531 Libanus,
875 492 907 524 8.
937 491 1082 522 Praestet
1107 488 1168 519 hoc
1193 487 1260 518 nati
1286 485 1422 526 genitor,

252 548 372 579 Roseus
398 546 429 576 in
457 544 619 583 martyrio„
934 538 1005 570 Hoc
1031 536 1184 577 genitoris
1210 534 1346 575 genitus,

252 596 313 627 Pro
339 598 369 624 te
395 592 570 623 succumbit
596 590 786 631 Stephanus,
933 586 992 625 Tu,
1019 594 1079 624 par
1105 583 1230 623 utrique
1257 581 1416 619 conditor,

250 643 336 679 Iesu,
361 642 471 672 mostra
498 639 682 678 redemptio.
938 633 1027 672 Veni,
1054 635 1179 664 creator
1203 629 1351 670 spiritus.

267 738 349 764 Brev.
372 737 502 762 Metense
524 735 592 768 imp.
617 732 752 768 Lugduni
776 728 857 757 1517.
873 743 908 747 —
924 727 950 761 4,
965 726 983 754 2
996 727 1053 754 Pro
1069 728 1111 754 eis
1127 734 1224 753 oranS.
1241 741 1276 744 —
1292 723 1318 757 6,
1336 722 1350 751 1
1367 728 1398 751 ut
1412 723 1507 751 cadat.

648 883 715 913 488.
759 882 799 911 De
822 881 928 910 sancto
949 878 1046 909 Sixto.

198 989 228 1020 1.
256 986 356 1018 Adest
383 984 562 1023 triumphus
588 981 702 1013 nobilis
878 981 908 1011 4.
937 979 1056 1014 Sixtu5‚
1083 976 1140 1008 flos
1168 975 1419 1016 pulchritudinis

256 1035 448 1072 Festumque
472 1031 550 1062 caeli
576 1029 692 1069 euriae,
937 1026 977 1058 Et
1006 1026 1156 1056 virtutum
1184 1024 1372 1062 sacrarium,

258 1082 324 1120 Quo
351 1090 423 1112 rosa
449 1078 647 1110 delectabilis
936 1074 1039 1105 Heres
1066 1072 1275 1103 beatitudinis

257 1129 394 1161 Offertur
419 1127 484 1166 regi
510 1126 639 1165 gloriae.
937 1121 1081 1152 Trahens
1109 1124 1181 1159 post
1206 1129 1239 1150 se
1267 1119 1488 1151 Laurentium.

202 1226 235 1257 2.
261 1224 408 1255 Exsultet
437 1222 522 1252 claro
548 1221 653 1251 sidere
884 1221 914 1250 5.
943 1217 1106 1249 Roborare
1133 1225 1202 1246 cum
1232 1215 1344 1246 nititur

262 1271 402 1310 Fulgens
428 1274 529 1300 mater
555 1268 699 1301 ecclesia.
941 1265 1055 1297 Fidem
1083 1264 1172 1295 verbi
1198 1263 1383 1302 praeconio,

261 1320 369 1351 Sixtus
396 1323 517 1356 martyr
541 1317 572 1346 in
599 1315 726 1346 aethere
942 1314 1005 1345 Pro
1030 1312 1094 1343 fide
1120 1311 1249 1343 tandem
1279 1310 1426 1342 caeditur

260 1366 351 1398 Nova
377 1364 520 1404 profudit
545 1363 672 1402 gaudia.
941 1361 971 1392 A
998 1369 1192 1399 paganorum
1220 1359 1336 1398 gladio.

204 1464 236 1495 3.
264 1462 348 1496 Pius,
375 1460 520 1500 pudicus,
548 1459 674 1489 humilis
883 1459 915 1489 6.
942 1456 1096 1488 Detentos
1125 1465 1143 1486 a
1170 1453 1378 1485 daemonibus

263 1509 390 1541 Christo
417 1517 449 1538 se
476 1512 573 1537 totum
606 1506 742 1547 dedicat,
943 1504 1051 1545 Sanat,
1080 1502 1207 1534 morbos
1234 1501 1465 1541 languentium,

263 1558 299 1589 ln
326 1557 393 1595 lege
422 1555 478 1586 Dei
506 1555 618 1584 docilis
942 1554 1057 1584 Curam
1085 1550 1209 1582 confert
1236 1549 1433 1589 dolentibus,

262 1604 388 1640 Verbis.
416 1603 568 1642 exemplis
594 1602 770 1640 praedicat.
942 1600 1094 1639 Magnum
1119 1599 1231 1630 salutis
1257 1598 1420 1637 gaudium.

547 1698 577 1728 7.
606 1697 751 1728 Summae
777 1696 863 1728 Deus
889 1696 1086 1731 clementiae.

606 1745 679 1775 Tibi
706 1745 745 1775 sit
772 1745 840 1775 laus
867 1748 897 1774 et
923 1743 1036 1783 gloria.

607 1792 655 1823 Du
683 1796 752 1831 post
781 1801 905 1822 cursum
931 1792 1077 1822 miseriae

606 1840 706 1871 Beata
731 1839 821 1870 nobis
850 1839 975 1880 gaudia.

282 1939 366 1964 Brev.
391 1946 439 1963 ms.
463 1937 602 1963 Kimense
622 1938 655 1964 (⁸31
676 1943 751 1961 ¹saec.
776 1933 818 1960 14.
840 1933 911 1960 Cod.
932 1934 1136 1960 Vindobnnen.
1160 1931 1242 1960 1893.
1258 1947 1296 1952 -—
1311 1931 1337 1967 4,
1359 1931 1377 1958 4
1391 1933 1523 1959 Trahent

205 1980 271 2012 post
299 1986 328 2002 se
354 1976 540 2002 Laureatum.
561 1988 597 1992 —
619 1973 678 2000 Der
704 1974 839 2007 Hymnus
865 1973 941 2008 zeigt
969 1973 1067 1999 starke
1088 1973 1261 2007 Benutzung
1282 1972 1332 1998 der
1356 1971 1523 2007 gelaufigeu

207 2016 344 2050 Hymnen
366 2014 418 2040 auf
435 2013 539 2039 Petrus
562 2012 683 2046 Martyr.

621 2133 690 2164 489.
731 2133 771 2164 De
793 2141 815 2163 s.
836 2133 913 2172 Syro
935 2132 1098 2163 Tieinensi.

728 2213 780 2240 Ad
807 2213 999 2248 Vespera&

211 2314 242 2347 1.
270 2313 434 2345 Generans
457 2312 538 2343 lucis
563 2311 645 2343 filios
893 2312 925 2344 2.
954 2312 1054 2352 Syrus
1080 2312 1209 2352 praesul
1238 2312 1289 2343 hio
1315 2311 1498 2344 doctrinam

269 2361 369 2399 Iesus,
395 2361 546 2401 magister
571 2359 719 2401 optimus,
952 2359 1109 2392 Diffundit
1135 2361 1363 2402 evangelicam,

268 2410 408 2441 Primum
436 2409 523 2440 misit
549 2408 721 2447 apostolos,
955 2409 1016 2441 Per
1034 2418 1127 2448 quam
1145 2419 1290 2441 normam
1305 2408 1369 2440 fert
1384 2408 1528 2441 divinam

267 2459 350 2497 Quos
377 2458 521 2498 sequitur
547 2457 732 2496 discipulus.
953 2457 995 2488 Et
1022 2457 1118 2489 vitam
1147 2457 1203 2489 dat
1228 2458 1420 2498 angelicam.
