1653 2656
672 106 909 141 —93-

558 210 620 242 153.
661 210 705 242 De
727 212 835 242 sancto
857 210 1014 242 Barnabas.

619 271 670 299 Ad
698 273 944 300 Nocturnum.

128 345 159 379 1.
185 344 331 376 Aeterna
357 344 478 378 Christi
507 354 650 386 munera,

183 392 334 432 Apostoli
361 392 508 435 victoria,

183 441 285 473 Beato
313 440 412 480 Cypri
439 451 556 482 genere

186 489 349 529 Hymnum
377 497 528 522 canamus
555 489 735 528 Barnabae,

127 575 158 606 2.
184 571 244 613 Qui
271 571 363 612 quasi
390 581 463 603 rosa
490 572 638 614 rutilans,

186 620 343 653 Mundum
371 623 472 651 totum
500 621 696 660 illuminans,

185 669 281 702 Cuius
307 668 407 700 odore
434 668 552 708 perfidi

184 717 352 758 Fugantur
379 725 490 749 omnes
517 717 647 749 ethnici.

129 801 160 834 3.
187 799 337 832 Exsultet
363 799 484 830 Romae
510 799 622 841 gloria,

186 847 334 880 Resultet
357 850 424 878 tota
452 847 575 885 Brixia,

186 896 408 929 Mediolanum
432 895 556 936 iubilet,

192 946 270 979 Cum
297 947 407 976 tantus
434 947 528 983 pater
554 943 746 983 praepollet.

130 1031 162 1063 4,
191 1027 354 1060 Clnistum
381 1034 496 1066 gerens
522 1026 555 1057 in
581 1028 712 1065 pectore

186 1075 343 1108 Mandata
370 1083 502 1106 servans
528 1074 648 1113 optime

185 1125 373 1164 Agrumque
398 1132 488 1154 suum
517 1121 664 1153 vendidit

189 1172 258 1204 Nec
282 1181 344 1204 non
373 1171 463 1203 dedit
489 1170 655 1210 apostolis.

822 1025 853 1056 8.

820 347 852 378 5.
878 345 942 377 Hic
968 345 1061 378 Pauli
1087 344 1294 376 fidelissimus

881 393 999 434 Verbo,
1028 393 1175 425 doctrina
1201 393 1315 435 socius,

881 441 1020 481 Quorum
1047 442 1113 474 vita
1141 440 1326 481 perfulgida

882 491 964 523 Tota
991 489 1091 530 fulget
1119 490 1265 522 ecclesia.

883 571 1108 605 Conscendens
1134 572 1166 602 in
1194 571 1372 602 naviculam

882 620 924 651 Et
950 629 1129 660 properans
1156 619 1349 651 Salaminam

884 668 1023 699 Verbum
1052 667 1215 699 ferventer
1241 667 1406 707 praedicat

881 717 1002 748 Multos
1030 716 1182 755 languore
1209 716 1334 747 liberat.

847 825 853 832 .
881 798 971 829 Tunc
998 798 1109 829 ludaei
1135 797 1294 828 increduli

882 846 1007 878 Collum
1034 846 1134 885 ligant
1160 845 1308 884 apostoli,

884 894 1069 926 Perducunt
1095 893 1136 924 ad
1164 893 1356 932 supplicium

886 941 1066 974 Cremando
1093 950 1209 980 corpus
1235 940 1387 973 lucidum.

882 1024 907 1056 Ο
934 1023 988 1055 lux
1015 1023 1259 1063 pretiosissima,

882 1072 980 1103 Pater
1005 1071 1098 1102 beate
1125 1070 1286 1106 Barnaba,

882 1119 979 1151 Salva
1006 1122 1206 1158 praesentem
1234 1117 1387 1158 populum

884 1168 945 1199 Per
972 1172 1059 1198 tuum
1087 1166 1278 1198 natalitium.

477 1254 508 1286 9.
537 1253 683 1290 Praesta,
712 1254 806 1291 pater
831 1250 982 1291 ingenite,

533 1302 611 1334 Cum
637 1300 743 1340 genito
771 1302 803 1330 et
828 1298 956 1330 flamine

534 1349 636 1381 Nobis
665 1348 774 1380 videre
801 1347 956 1388 virginem

534 1397 722 1430 Gestantem
749 1396 851 1428 Deum
879 1395 1049 1427 hominem.

206 1480 369 1508 Puccinelli
391 1480 410 1506 l.
433 1488 457 1506 c.
480 1489 507 1514 p.
526 1478 579 1507 107
602 1488 644 1514 Sq.
668 1493 703 1497 —
727 1475 753 1512 2,
775 1476 793 1505 3
817 1477 945 1505 odorem.
968 1492 1003 1495 —
1025 1475 1050 1506 5,
1073 1474 1091 1502 4
1112 1475 1216 1510 fulgit..
1235 1489 1269 1492 ——
1286 1472 1311 1505 6,
1327 1470 1344 1500 3
1362 1473 1461 1499 smon-

127 1524 180 1548 tcr.
201 1535 237 1539 ——
258 1519 283 1552 6,
305 1529 323 1555 y
346 1519 514 1554 languore&

567 1621 628 1652 154.
671 1619 714 1650 De
738 1621 846 1650 saneto
868 1618 1022 1650 Barnaba.

673 1681 723 1708 Ad
752 1680 913 1708 Laudes.

132 1762 162 1795 1.
190 1761 341 1793 Exsultet
368 1758 491 1790 caelum
518 1756 679 1795 laudibus,

189 1809 335 1842 Resultet
362 1811 449 1839 terra
476 1806 611 1846 gaudiis,

188 1858 279 1897 Quod
306 1855 473 1889 Barnabas
499 1853 665 1895 apostolus

188 1907 307 1938 Laetus
334 1905 459 1946 potitur
481 1903 646 1944 praemiis.

133 1991 164 2023 2.
191 1988 349 2030 Apostolo
375 1986 578 2019 sanctissimo

190 2038 261 2070 Non
288 2036 361 2069 finis
388 2036 474 2067 vitae
500 2034 604 2071 latuit,

187 2088 285 2128 Quem
314 2085 413 2118 Paulo
440 2083 658 2116 sacratissimo

190 2137 251 2169 Per
277 2134 423 2167 ordinem
450 2137 526 2164 tunc
552 2131 668 2171 patuit.

123 2221 154 2253 3.
184 2219 274 2252 Tunc
301 2217 394 2250 ambo
421 2214 513 2247 flexis
539 2213 675 2254 genibus

181 2267 208 2300 T
212 2266 357 2300 radendo
382 2264 472 2305 pacis
497 2263 651 2304 osculum,

185 2317 270 2357 Quos
297 2313 472 2356 separabat
497 2311 644 2351 spiritus,

183 2363 407 2398 Praedicando
434 2359 572 2402 professi
599 2362 685 2391 sunt.

823 1756 856 1787 4.

824 2212 856 2244 6.

886 1755 948 1786 Per
974 1753 1153 1785 doctrinam
1182 1751 1319 1792 apostoli

883 1803 926 1835 Et
952 1801 1141 1842 approbatis
1169 1800 1327 1832 fructibus

884 1852 1031 1891 Augetur
1057 1849 1137 1881 fides
1165 1848 1275 1889 populi

884 1900 926 1931 Et
954 1899 1068 1930 crescit
1096 1898 1194 1929 ardor
1221 1897 1365 1936 spiritus

851 2007 858 2014 .
886 1981 1026 2021 Insignis
1054 1984 1085 2011 et
1111 1979 1286 2010 virtutum<

887 2030 993 2061 Vitam
1020 2029 1134 2060 beatae
1163 2027 1331 2059 Barnabae

890 2079 1016 2111 Pollere
1044 2076 1121 2108 facit
1148 2076 1315 2109 Dominus,

887 2128 1007 2159 Rector
1033 2134 1109 2157 suae
1134 2124 1278 2155 militiae.

885 2210 1031 2250 Praesta,
1060 2208 1154 2239 beata
1181 2207 1322 2241 trinitas,

883 2257 1042 2294 Concede,
1071 2256 1208 2296 simplex
1233 2255 1349 2296 unitas,

885 2307 930 2339 Ut
956 2305 1107 2346 precibus
1134 2303 1273 2344 apostoli

884 2355 1056 2387 Salventur
1083 2353 1202 2386 Christi
1231 2351 1352 2393 populi.

197 2445 360 2474 Puccinelli
382 2444 402 2471 l.
428 2452 452 2470 e.
476 2452 503 2479 p.
528 2439 582 2469 108
606 2450 648 2477 sq.
676 2455 707 2459 —
730 2437 757 2473 4,
779 2437 797 2466 2
819 2437 966 2466 fluetibus.
988 2451 1024 2456 —
1045 2434 1072 2467 4,
1094 2434 1113 2462 4
1133 2437 1257 2462 crescat.
