1653 2656
666 137 928 172 —300—

175 235 206 266 9.
234 231 360 266 Iuvenis
386 233 511 272 quidem
538 238 653 272 aetate,

282 281 490 313 Grandaevus
515 281 572 313 sed
599 281 740 313 moribus

233 329 360 361 Summa
385 329 569 360 meritorum
595 329 731 369 sparsim

279 377 463 408 Clarescens
488 377 616 408 uberius

234 425 353 456 Donari
379 425 536 462 gradatim
561 425 661 456 sacris

279 472 423 504 Meretur
447 472 623 506 ordinibus,

159 565 211 596 10.
240 560 398 596 Karitatis
426 562 498 593 hinc
521 563 638 594 virtute

287 610 514 641 Circumfultus
539 611 692 650 geminae,

238 657 393 691 Infulatus
421 659 573 697 pastorali

282 706 421 737 Additus
448 711 493 736 est
522 706 703 748 cathedrae,

237 754 444 793 Temperatus
471 755 638 793 aequitate,

284 802 387 832 Iustus
412 800 607 835 fortitudine.

152 894 204 925 11.
234 890 486 931 Longanimitate
514 893 632 932 vigens

282 941 316 971 ln
341 940 485 971 adversis
511 940 635 979 patiens

233 987 299 1018 Nec
325 987 443 1026 absque
468 991 587 1018 tortore
613 996 725 1028 saevo3

278 1035 353 1073 Quis
380 1034 437 1065 fuit
465 1035 645 1074 aliquando

233 1083 290 1120 Qui
316 1083 373 1113 tali
400 1087 583 1121 tantumque
609 1083 678 1114 diro

281 1130 327 1161 Sit
353 1139 465 1169 passus
492 1130 669 1169 martyrio?

152 1216 206 1247 12.
235 1211 372 1246 Maxime
400 1225 468 1246 cum
497 1225 606 1246 novem
634 1216 724 1247 annis

281 1262 397 1293 Decem
425 1263 676 1294 hebdomadibus

233 1310 354 1340 Vixerit
383 1310 452 1341 cibo
479 1316 643 1341 contentus

282 1357 360 1397 Hoc,
389 1359 472 1397 quod
500 1359 567 1389 sine
595 1359 743 1390 dentibus

234 1404 284 1436 Ab
311 1405 380 1443 ipso
406 1406 527 1436 sorberi
557 1415 670 1444 parcus

282 1453 408 1483 Valet-et
437 1458 465 1483 et
494 1454 646 1487 modicus,

155 1538 206 1569 13.
237 1534 364 1569 Nisibus
391 1547 406 1568 e
435 1543 543 1569 contra
571 1540 652 1569 votis

280 1585 335 1616 Iob
362 1586 544 1624 aequandus
571 1587 691 1617 meritis

231 1633 267 1664 In
294 1633 343 1663 liis
370 1633 515 1664 omnibus
540 1635 685 1665 adversis

282 1680 351 1711 Non
379 1682 520 1719 peccavit
548 1682 641 1712 labiis

234 1727 359 1758 Laudes
386 1729 564 1768 rependens
590 1730 769 1769 immensas,

280 1775 359 1806 Dum
387 1777 457 1806 tulit
485 1777 676 1810 adversitas

148 1862 206 1893 14.
235 1861 260 1893 0
289 1863 387 1893 virum
416 1863 608 1894 laudandum
637 1864 723 1896 claro

276 1910 436 1941 Virtutum
463 1912 632 1949 praeconio

231 1957 273 1988 Et
299 1958 330 1988 in
358 1959 596 1990 sanctimoniale

278 2005 429 2037 Liberata
457 2006 609 2038 daemone

231 2053 271 2084 Et
298 2062 447 2092 percussa
474 2059 547 2086 tunc
573 2055 696 2087 bacello
725 2079 733 2086 .

276 2101 394 2133 Sanata
421 2102 579 2134 continuo.

145 2188 198 2218 15.
226 2183 321 2220 Peste
347 2196 513 2226 pervasam
541 2194 682 2231 cruenta,

275 2235 394 2266 Vocata
420 2237 571 2276 gutreria,

228 2282 407 2314 Medicatus
433 2289 480 2314 est
508 2289 538 2315 et
560 2289 688 2324 neptem

273 2331 423 2362 Reddens
450 2342 517 2364 eain
544 2333 706 2373 sospitem,

223 2379 395 2418 Aegrotam
421 2380 576 2420 signatam
603 2390 696 2413 cruce

273 2426 371 2458 Dedit
400 2429 633 2464 convalescere.

835 235 888 268 16.
917 231 977 272 Qui
1004 242 1138 265 cernens
1163 233 1227 264 iam
1253 241 1288 264 se
1313 233 1408 264 senili

965 280 1108 321 Corpore
1135 280 1276 322 destitui,

920 328 1087 360 Subiectos
1114 329 1154 360 de
1179 336 1365 360 successore

970 377 1087 408 Volens
1114 380 1223 408 cautos
1250 376 1389 408 reddere

918 425 1065 456 Electum
1091 429 1170 456 nutu
1196 428 1382 456 cunctorum

966 473 1159 513 Subrogavit
1185 473 1363 506 Erminum.

837 564 892 597 17.
921 560 992 596 Rex
1019 571 1126 603 regum
1152 563 1216 594 iam
1242 566 1274 594 te
1302 571 1442 602 superna

971 611 1070 642 Vocat
1095 611 1136 642 ad
1159 611 1290 651 palatia,

919 659 1114 698 Angelorum
1141 659 1200 690 tibi
1227 663 1336 690 coetus

973 708 1160 739 Sanctorum
1188 706 1223 738 fit
1249 707 1379 749 obvius3

926 755 1073 789 Laetare,
1101 765 1172 786 nam
1199 755 1369 794 paradisus

975 803 1066 834 Patet
1093 803 1346 835 amoenissimus.

837 895 891 926 18.
920 892 1026 932 Salve,
1054 898 1162 925 noster
1186 904 1204 925 o
1231 898 1374 933 patrone.

963 942 1067 978 Salve,
1095 943 1223 981 praesul
1249 942 1379 982 optime,

916 989 1010 1020 Salve
1037 998 1106 1020 cum
1133 990 1263 1029 sanetis,
1293 990 1457 1029 Ursmare,

967 1037 1072 1075 Salve,
1101 1042 1211 1076 pastor
1237 1038 1358 1077 inclite,

918 1085 1022 1116 Salve.
1031 1086 1093 1115 iam
1103 1095 1170 1116 cum
1183 1085 1310 1117 Christo
1317 1095 1468 1126 regnans,

966 1132 1070 1171 Salve,
1099 1134 1199 1163 nostri
1226 1142 1416 1168 memorans,

839 1218 893 1250 19.
922 1214 969 1249 Te
995 1219 1131 1257 supplex
1158 1224 1249 1258 rogat
1279 1220 1417 1259 pusillus

969 1265 1054 1296 Fusa
1080 1276 1176 1305 prece
1202 1276 1279 1306 grex
1308 1272 1392 1305 tuus,

919 1313 1006 1343 Inter
1033 1314 1111 1344 haec
1135 1318 1170 1345 ut
1196 1313 1277 1346 festa
1307 1316 1410 1347 clerus

965 1361 1114 1392 salvetur
1139 1367 1170 1392 et
1195 1363 1342 1403 populus,

916 1408 1054 1439 Tuorum
1082 1410 1175 1440 simul
1203 1410 1319 1441 devota

966 1456 1194 1488 Monachorum
1222 1459 1372 1491 turmula.

835 1541 890 1574 20.
919 1538 1051 1573 I'eiiiam
1080 1544 1242 1582 poscendo
1270 1545 1388 1576 nostris

969 1591 1094 1621 Assiste
1122 1592 1268 1631 piaculis,

916 1637 985 1668 Tua
1009 1648 1066 1669 nos
1092 1641 1214 1678 pastori
1243 1649 1367 1672 summo

963 1686 1168 1718 Commendet
1195 1689 1298 1719 oratio

916 1732 1076 1765 Foedatos
1103 1739 1134 1765 et
1160 1736 1272 1776 culpae
1298 1746 1399 1768 naevo

961 1780 1070 1812 Solvat
1096 1783 1298 1816 interventio.

831 1867 885 1898 21.
916 1863 1038 1907 Xriste⁷
1066 1873 1246 1901 sanctorum
1275 1880 1392 1904 corona

962 1915 1108 1947 Omnium
1134 1918 1336 1960 splendiflua,

914 1962 1139 1995 Confessorum
1167 1966 1306 2005 gloriosa

962 2011 1070 2042 Virtus
1096 2016 1128 2043 et
1154 2014 1334 2054 magnifica,

912 2057 1008 2089 Salva
1033 2069 1090 2091 nos
1117 2061 1163 2092 tui
1189 2061 1284 2094 beata

961 2106 1105 2138 Ursmari
1130 2118 1189 2148 per
1214 2111 1342 2144 merita.

828 2192 885 2223 22.
912 2188 1053 2224 Ymnum
1081 2195 1176 2234 gestit
1202 2196 1261 2228 tibi
1288 2202 1399 2232 nostra

963 2240 1078 2273 Dicere
1103 2245 1268 2277 catervula

915 2288 1020 2327 Ipsius
1046 2300 1153 2322 amore
1181 2293 1277 2325 ducta

964 2338 1074 2369 Laude
1100 2340 1150 2371 vel
1177 2342 1326 2378 melodia.

913 2385 1094 2426 Acceptare
1119 2398 1212 2428 quem
1239 2390 1376 2432 benigna

966 2433 1114 2474 Digneris
1141 2437 1321 2472 clementia.
