1653 2656
717 126 973 162 —207—

536 265 605 297 346.
647 267 690 298 De
711 276 754 298 ss.
777 267 899 300 luliano
921 270 951 300 et
976 268 1137 301 Basilissa.

683 339 724 366 In
754 338 777 366 1.
805 340 994 376 Vesperis.

174 421 206 456 1.
234 421 462 455 Germinantes
490 428 523 455 ut
549 425 651 456 lilium
870 430 902 460 4.
931 428 1074 460 lulianus
1100 434 1149 459 est
1172 430 1298 461 nomine

237 470 316 503 Cum
343 472 518 504 candidato
543 481 644 505 cuneo
933 476 1011 508 Cum
1038 476 1193 508 Basilissa
1224 478 1358 519 virgine,

235 517 346 551 Sancti
372 525 556 553 mercantur
581 523 759 561 praemium
930 524 1068 563 Quorum
1096 530 1228 564 tropaea
1254 527 1421 566 pangimus

234 566 329 599 Vitae
353 576 467 600 cruore
490 578 593 602 roseo.
931 572 1014 603 Dum
1041 574 1073 604 in
1101 573 1160 604 hac
1192 574 1258 605 vita
1285 574 1438 614 degimuS.

168 653 201 686 2.
233 654 271 686 In
296 656 434 695 nuptiali
462 655 592 688 foedere
873 664 903 693 5.
932 659 1015 691 Dum
1042 664 1177 691 mortem
1205 660 1309 694 diram
1335 661 1468 701 pertulit

232 702 359 735 Morem
385 710 517 736 servant
544 706 732 747 virgineum,
931 708 1146 739 Candidatum
1174 709 1352 749 collegium,

232 752 271 784 In
297 751 392 784 huius
419 753 505 785 vitae
532 763 662 785 carcere
931 757 1065 795 Aurum,
1093 761 1154 795 tus,
1181 766 1322 788 murram
1349 758 1482 797 protulit

231 799 371 840 Fulgent
396 806 432 832 ut
457 802 546 833 sidus
574 812 717 834 aureum.
932 806 1110 844 Acceptum
1138 805 1341 839 sacrificium.

167 887 199 919 3.
229 887 374 919 Mentem
403 894 535 921 servant
559 889 738 930 angelicam
867 894 899 924 6.
928 890 1040 922 Gloria
1068 891 1135 932 tibi⁷
1164 891 1310 929 Domine,

229 935 322 967 Tecti
349 937 455 968 carnis
482 938 640 969 velamine
929 937 1138 970 Manifestato
1165 940 1282 980 sidere,

230 983 400 1024 Vitamque
426 986 634 1024 apostolicam
926 987 984 1025 Qui
1012 985 1112 1018 fortes
1138 987 1170 1018 in
1198 988 1372 1019 certamine

227 1032 265 1064 In
291 1037 474 1064 sanctorum
502 1034 665 1073 regimine.
924 1035 1092 1067 Coronasti
1119 1035 1151 1065 in
1177 1035 1317 1066 aethere.

243 1116 330 1143 Brev.
346 1115 476 1143 Elnense
492 1117 552 1151 imp
568 1116 751 1151 Perpiniani
765 1117 962 1150 (Rosenbach)
982 1116 1062 1144 1500.
1081 1133 1113 1135 —
1131 1117 1153 1150 1,
1169 1117 1186 1145 2
1201 1128 1297 1146 cureo.
1312 1134 1345 1137 —
1359 1118 1384 1151 2,
1401 1120 1419 1147 4
1434 1121 1500 1147 Ful-

163 1157 222 1189 get.
253 1170 289 1173 —
319 1153 346 1187 3,
374 1153 392 1181 2
418 1154 526 1181 Tectis.
556 1168 591 1172 —
619 1154 645 1185 4,
675 1153 692 1181 3
720 1158 851 1190 tropaeo.
875 1170 907 1173 —
931 1155 959 1189 4,
988 1155 1006 1182 4
1036 1157 1066 1182 iu
1088 1156 1162 1183 hanc
1183 1158 1285 1184 vitain.
1310 1172 1344 1176 —
1367 1157 1393 1189 5,
1415 1158 1432 1185 3
1455 1163 1500 1185 tus

167 1192 304 1220 mirando
324 1192 456 1229 pertulit.
481 1207 515 1211 —
537 1191 564 1225 6,
589 1191 607 1219 2
628 1193 844 1220 Manifestator.

529 1354 596 1385 347.
640 1355 680 1386 De
703 1363 742 1386 ss.
765 1355 889 1386 Iuliano
912 1359 940 1387 et
964 1356 1123 1388 Basilissa.

677 1427 729 1454 Ad
755 1428 993 1455 Matutinum.

165 1515 201 1548 1.
232 1515 434 1556 Triumphali
459 1516 617 1548 memoria
864 1518 895 1550 2.
924 1518 1068 1549 lulianus
1092 1523 1121 1548 et
1150 1519 1293 1560 comites,

228 1563 420 1596 Gratulatur
444 1565 590 1603 ecclesia,
925 1567 1096 1598 Praeclara
1125 1567 1207 1598 caeli
1235 1567 1354 1607 sidera,

225 1612 336 1644 Liliali
364 1611 543 1654 fragrantia
922 1615 1038 1646 Mundi
1066 1617 1320 1647 transscendunt
1347 1617 1465 1648 limites

225 1660 375 1701 Suspirat
401 1661 443 1693 ad
471 1662 634 1694 caelestia.
927 1663 1052 1695 Laetati
1079 1672 1176 1705 super
1203 1664 1345 1697 aethera.

530 1751 562 1783 3.
592 1749 706 1782 Gloria
731 1750 802 1793 tibi,
830 1750 977 1791 Domine,

592 1797 803 1831 Manifestato
830 1799 947 1841 sidere,

591 1847 653 1886 Qui
680 1845 782 1880 fortes
809 1848 841 1880 in
870 1849 1044 1880 certamine

591 1895 761 1928 Coronasti
788 1897 821 1929 in
846 1897 988 1930 aethere.

242 1982 328 2009 Brev.
357 1981 488 2011 Elnense
517 1984 587 2019 imp.
617 1983 791 2019 Perpiniani
811 1984 1010 2018 (Rosenbach)
1033 1983 1116 2012 1500.
1142 2001 1176 2004 —
1199 1983 1226 2015 3,
1249 1983 1266 2010 ⁴2
1288 1985 1503 2012 Manifestator.

533 2145 601 2178 348.
643 2145 685 2177 De
707 2154 748 2177 ss.
771 2145 894 2177 Iuliano
917 2147 950 2176 et
971 2145 1135 2177 Basilissa.

713 2218 763 2245 Ad
798 2218 955 2245 Laudes.

166 2307 196 2340 1.
224 2306 374 2340 Praelati
401 2306 505 2340 sancti
530 2307 656 2340 ordinis
868 2308 900 2339 2.
926 2305 1133 2339 Perferentes
1161 2308 1320 2348 supplicia

224 2355 389 2389 Subiectis
416 2355 463 2387 sic
491 2354 674 2399 perficiunt,
931 2356 1110 2389 coruscant
1136 2365 1194 2396 per
1220 2357 1380 2398 prodigia,

222 2404 316 2444 Quod
346 2403 484 2436 laureati
510 2404 647 2445 agminis
928 2405 1198 2437 consummantur
1224 2406 1256 2437 in
1283 2407 1397 2447 gratia,

222 2452 412 2485 Coheredes
437 2450 612 2487 sufficiunt.
928 2453 1131 2486 Coronantur
1157 2454 1188 2485 in
1216 2454 1328 2494 gloria.
