<?xml version="1.0" encoding="UTF-8"?>
<!DOCTYPE html PUBLIC "-//W3C//DTD XHTML 1.0 Transitional//EN"
    "http://www.w3.org/TR/xhtml1/DTD/xhtml1-transitional.dtd">
<html xmlns="http://www.w3.org/1999/xhtml" xml:lang="en" lang="en">
 <head>
  <title>
</title>
<meta http-equiv="Content-Type" content="text/html;charset=utf-8" />
  <meta name='ocr-system' content='tesseract 3.04.00' />
  <meta name='ocr-capabilities' content='ocr_page ocr_carea ocr_par ocr_line ocrx_word'/>
</head>
<body>
  <div class='ocr_page' id='page_1' title='image "./analectahymnica43drevuoft/analectahymnica43drevuoft_0179.png"; bbox 0 0 1653 2656; ppageno 0'>
   <div class='ocr_carea' id='block_1_1' title="bbox 739 147 992 182">
    <p class='ocr_par' dir='ltr' id='par_1_1' title="bbox 739 147 992 182">
     <span class='ocr_line' id='line_1_1' title="bbox 739 147 992 182; baseline 0.004 -1"><span class='ocrx_word' id='word_1_1' title='bbox 739 167 782 171; x_wconf 93' lang='lat'><strong>—</strong></span> <span class='ocrx_word' id='word_1_2' title='bbox 835 147 902 182; x_wconf 76' lang='lat'>176</span> <span class='ocrx_word' id='word_1_3' title='bbox 952 167 992 171; x_wconf 97' lang='lat'><strong>—</strong></span> 
     </span>
    </p>
   </div>
   <div class='ocr_carea' id='block_1_2' title="bbox 478 244 1170 421">
    <p class='ocr_par' dir='ltr' id='par_1_2' title="bbox 478 244 1170 379">
     <span class='ocr_line' id='line_1_2' title="bbox 478 244 1170 284; baseline -0.003 -7"><span class='ocrx_word' id='word_1_4' title='bbox 478 246 510 277; x_wconf 87' lang='lat'>4.</span> <span class='ocrx_word' id='word_1_5' title='bbox 539 244 623 275; x_wconf 88' lang='lat' dir='ltr'>Hinc</span> <span class='ocrx_word' id='word_1_6' title='bbox 649 249 718 276; x_wconf 87' lang='lat' dir='ltr'>tuos</span> <span class='ocrx_word' id='word_1_7' title='bbox 743 244 838 275; x_wconf 90' lang='lat' dir='ltr'>tellus</span> <span class='ocrx_word' id='word_1_8' title='bbox 864 245 965 276; x_wconf 87' lang='lat' dir='ltr'>oculis</span> <span class='ocrx_word' id='word_1_9' title='bbox 991 244 1170 284; x_wconf 82' lang='lat' dir='ltr'>triumphos</span> 
     </span>
     <span class='ocr_line' id='line_1_3' title="bbox 537 291 1154 333; baseline 0 -10"><span class='ocrx_word' id='word_1_10' title='bbox 537 293 666 333; x_wconf 87' lang='lat' dir='ltr'>Aspicit</span> <span class='ocrx_word' id='word_1_11' title='bbox 690 292 783 324; x_wconf 84' lang='lat' dir='ltr'>laetis</span> <span class='ocrx_word' id='word_1_12' title='bbox 809 291 1020 332; x_wconf 83' lang='lat' dir='ltr'>precibusque</span> <span class='ocrx_word' id='word_1_13' title='bbox 1045 292 1154 323; x_wconf 86' lang='lat' dir='ltr'>mixtis</span> 
     </span>
     <span class='ocr_line' id='line_1_4' title="bbox 537 338 1127 379; baseline 0 -8"><span class='ocrx_word' id='word_1_14' title='bbox 537 339 690 372; x_wconf 87' lang='lat' dir='ltr'>Cantibus</span> <span class='ocrx_word' id='word_1_15' title='bbox 714 338 778 371; x_wconf 83' lang='lat' dir='ltr'>fixo</span> <span class='ocrx_word' id='word_1_16' title='bbox 801 340 946 379; x_wconf 81' lang='lat' dir='ltr'>sequitur</span> <span class='ocrx_word' id='word_1_17' title='bbox 971 341 1127 372; x_wconf 79' lang='lat' dir='ltr'><strong>minantes</strong></span> 
     </span>
    </p>

    <p class='ocr_par' dir='ltr' id='par_1_3' title="bbox 613 387 914 421">
     <span class='ocr_line' id='line_1_5' title="bbox 613 387 914 421; baseline 0.003 -2"><span class='ocrx_word' id='word_1_18' title='bbox 613 387 746 419; x_wconf 87' lang='lat' dir='ltr'>Lumine</span> <span class='ocrx_word' id='word_1_19' title='bbox 773 396 914 421; x_wconf 78' lang='lat' dir='ltr'>currens,</span> 
     </span>
    </p>
   </div>
   <div class='ocr_carea' id='block_1_3' title="bbox 478 492 1259 668">
    <p class='ocr_par' dir='ltr' id='par_1_4' title="bbox 478 492 1259 628">
     <span class='ocr_line' id='line_1_6' title="bbox 478 492 1120 532; baseline -0.002 -7"><span class='ocrx_word' id='word_1_20' title='bbox 478 495 508 525; x_wconf 90' lang='lat'>5.</span> <span class='ocrx_word' id='word_1_21' title='bbox 537 492 584 524; x_wconf 90' lang='lat' dir='ltr'>Sit</span> <span class='ocrx_word' id='word_1_22' title='bbox 610 494 705 532; x_wconf 77' lang='lat' dir='ltr'>patr-i,</span> <span class='ocrx_word' id='word_1_23' title='bbox 733 498 808 523; x_wconf 88' lang='lat' dir='ltr'>nato</span> <span class='ocrx_word' id='word_1_24' title='bbox 835 493 927 524; x_wconf 90' lang='lat' dir='ltr'>simul</span> <span class='ocrx_word' id='word_1_25' title='bbox 955 493 1120 532; x_wconf 83' lang='lat' dir='ltr'>utriusque</span> 
     </span>
     <span class='ocr_line' id='line_1_7' title="bbox 536 540 1259 581; baseline 0.001 -11"><span class='ocrx_word' id='word_1_26' title='bbox 536 540 674 572; x_wconf 83' lang='lat' dir='ltr'>Flamini</span> <span class='ocrx_word' id='word_1_27' title='bbox 701 540 856 580; x_wconf 86' lang='lat' dir='ltr'>splendor</span> <span class='ocrx_word' id='word_1_28' title='bbox 882 541 976 572; x_wconf 88' lang='lat' dir='ltr'>datus</span> <span class='ocrx_word' id='word_1_29' title='bbox 1001 549 1039 572; x_wconf 84' lang='lat' dir='ltr'>ex</span> <span class='ocrx_word' id='word_1_30' title='bbox 1065 540 1259 581; x_wconf 80' lang='lat' dir='ltr'>Hyacintho‚</span> 
     </span>
     <span class='ocr_line' id='line_1_8' title="bbox 537 588 1177 628; baseline 0 -10"><span class='ocrx_word' id='word_1_31' title='bbox 537 588 633 619; x_wconf 77' lang='lat' dir='ltr'>Cuius</span> <span class='ocrx_word' id='word_1_32' title='bbox 660 592 823 620; x_wconf 88' lang='lat' dir='ltr'>aeternum</span> <span class='ocrx_word' id='word_1_33' title='bbox 852 588 966 620; x_wconf 76' lang='lat' dir='ltr'>chorus</span> <span class='ocrx_word' id='word_1_34' title='bbox 993 589 1177 628; x_wconf 82' lang='lat' dir='ltr'>angelorum</span> 
     </span>
    </p>

    <p class='ocr_par' dir='ltr' id='par_1_5' title="bbox 629 635 904 668">
     <span class='ocr_line' id='line_1_9' title="bbox 629 635 904 668; baseline 0.004 -1"><span class='ocrx_word' id='word_1_35' title='bbox 629 635 752 667; x_wconf 83' lang='lat' dir='ltr'>Numen</span> <span class='ocrx_word' id='word_1_36' title='bbox 779 636 904 668; x_wconf 82' lang='lat' dir='ltr'>adorat.</span> 
     </span>
    </p>
   </div>
   <div class='ocr_carea' id='block_1_4' title="bbox 211 738 1527 813">
    <p class='ocr_par' dir='ltr' id='par_1_6' title="bbox 211 738 1527 813">
     <span class='ocr_line' id='line_1_10' title="bbox 286 738 1527 771; baseline 0.002 -8"><span class='ocrx_word' id='word_1_37' title='bbox 286 738 352 764; x_wconf 83' lang='lat' dir='ltr'>Ant.</span> <span class='ocrx_word' id='word_1_38' title='bbox 375 747 427 764; x_wconf 87' lang='lat' dir='ltr'>ms.</span> <span class='ocrx_word' id='word_1_39' title='bbox 449 740 477 765; x_wconf 72' lang='lat' dir='ltr'>S.</span> <span class='ocrx_word' id='word_1_40' title='bbox 500 739 683 766; x_wconf 81' lang='lat' dir='ltr'>Kathariuae</span> <span class='ocrx_word' id='word_1_41' title='bbox 700 739 880 767; x_wconf 78' lang='lat' dir='ltr'>Divodureu.</span> <span class='ocrx_word' id='word_1_42' title='bbox 899 749 973 767; x_wconf 76' lang='lat' dir='ltr'>saec.</span> <span class='ocrx_word' id='word_1_43' title='bbox 999 739 1041 766; x_wconf 82' lang='lat'>14.</span> <span class='ocrx_word' id='word_1_44' title='bbox 1064 739 1133 766; x_wconf 84' lang='lat' dir='ltr'>Cod.</span> <span class='ocrx_word' id='word_1_45' title='bbox 1149 740 1283 767; x_wconf 79' lang='lat' dir='ltr'>Vaticau.</span> <span class='ocrx_word' id='word_1_46' title='bbox 1307 749 1327 765; x_wconf 81' lang='lat' dir='ltr'>s.</span> <span class='ocrx_word' id='word_1_47' title='bbox 1351 749 1378 766; x_wconf 89' lang='lat' dir='ltr'>n.</span> <span class='ocrx_word' id='word_1_48' title='bbox 1398 739 1448 771; x_wconf 90' lang='lat' dir='ltr'>(ol.</span> <span class='ocrx_word' id='word_1_49' title='bbox 1475 738 1527 766; x_wconf 77' lang='grc'>122</span> 
     </span>
     <span class='ocr_line' id='line_1_11' title="bbox 211 775 1072 813; baseline 0.002 -12"><span class='ocrx_word' id='word_1_50' title='bbox 211 776 271 805; x_wconf 54' lang='lat' dir='ltr'>bis).</span> <span class='ocrx_word' id='word_1_51' title='bbox 291 775 356 802; x_wconf 79' lang='lat' dir='ltr'>add.</span> <span class='ocrx_word' id='word_1_52' title='bbox 379 785 453 802; x_wconf 71' lang='lat' dir='ltr'>saec.</span> <span class='ocrx_word' id='word_1_53' title='bbox 476 775 548 804; x_wconf 71' lang='lat' dir='ltr'>¹⁶l1u.</span> <span class='ocrx_word' id='word_1_54' title='bbox 575 794 604 797; x_wconf 91' lang='lat'><strong>—</strong></span> <span class='ocrx_word' id='word_1_55' title='bbox 628 778 711 805; x_wconf 87' lang='lat' dir='ltr'>Mel.:</span> <span class='ocrx_word' id='word_1_56' title='bbox 736 778 781 805; x_wconf 89' lang='lat' dir='ltr'>Ut</span> <span class='ocrx_word' id='word_1_57' title='bbox 803 782 942 813; x_wconf 84' lang='lat' dir='ltr'><strong>queant</strong></span> <span class='ocrx_word' id='word_1_58' title='bbox 964 778 1072 805; x_wconf 79' lang='lat' dir='ltr'>laxis.</span> 
     </span>
    </p>
   </div>
   <div class='ocr_carea' id='block_1_5' title="bbox 627 965 1104 1062">
    <p class='ocr_par' dir='ltr' id='par_1_7' title="bbox 627 965 1104 1062">
     <span class='ocr_line' id='line_1_12' title="bbox 627 965 1104 1005; baseline 0.002 -11"><span class='ocrx_word' id='word_1_59' title='bbox 627 966 690 996; x_wconf 81' lang='lat'><strong>301.</strong></span> <span class='ocrx_word' id='word_1_60' title='bbox 733 966 773 997; x_wconf 86' lang='lat' dir='ltr'>De</span> <span class='ocrx_word' id='word_1_61' title='bbox 793 968 901 997; x_wconf 80' lang='lat' dir='ltr'>sancto</span> <span class='ocrx_word' id='word_1_62' title='bbox 923 965 1104 1005; x_wconf 75' lang='lat' dir='ltr'>Hyacintho.</span> 
     </span>
     <span class='ocr_line' id='line_1_13' title="bbox 714 1035 1015 1062; baseline 0 0"><span class='ocrx_word' id='word_1_63' title='bbox 714 1035 762 1061; x_wconf 77' lang='lat' dir='ltr'>Ad</span> <span class='ocrx_word' id='word_1_64' title='bbox 784 1037 1015 1062; x_wconf 63' lang='lat' dir='ltr'>Matutinum,</span> 
     </span>
    </p>
   </div>
   <div class='ocr_carea' id='block_1_6' title="bbox 454 1130 1202 1306">
    <p class='ocr_par' dir='ltr' id='par_1_8' title="bbox 454 1130 1202 1266">
     <span class='ocr_line' id='line_1_14' title="bbox 454 1130 1182 1170; baseline 0.003 -10"><span class='ocrx_word' id='word_1_65' title='bbox 454 1130 483 1161; x_wconf 90' lang='lat'>1.</span> <span class='ocrx_word' id='word_1_66' title='bbox 512 1131 631 1161; x_wconf 79' lang='lat' dir='ltr'>Assunt</span> <span class='ocrx_word' id='word_1_67' title='bbox 658 1130 874 1170; x_wconf 81' lang='lat' dir='ltr'>Hyacinthina</span> <span class='ocrx_word' id='word_1_68' title='bbox 899 1130 980 1162; x_wconf 86' lang='lat' dir='ltr'>festa</span> <span class='ocrx_word' id='word_1_69' title='bbox 1006 1131 1182 1168; x_wconf 83' lang='lat' dir='ltr'>sollemnia,</span> 
     </span>
     <span class='ocr_line' id='line_1_15' title="bbox 509 1177 1202 1218; baseline 0.003 -10"><span class='ocrx_word' id='word_1_70' title='bbox 509 1177 604 1208; x_wconf 89' lang='lat' dir='ltr'>Sonet</span> <span class='ocrx_word' id='word_1_71' title='bbox 633 1187 716 1209; x_wconf 90' lang='lat' dir='ltr'>nunc</span> <span class='ocrx_word' id='word_1_72' title='bbox 741 1179 878 1218; x_wconf 84' lang='lat' dir='ltr'>pristina</span> <span class='ocrx_word' id='word_1_73' title='bbox 904 1179 972 1210; x_wconf 87' lang='lat' dir='ltr'>laus</span> <span class='ocrx_word' id='word_1_74' title='bbox 998 1179 1030 1210; x_wconf 92' lang='lat' dir='ltr'>in</span> <span class='ocrx_word' id='word_1_75' title='bbox 1056 1179 1202 1218; x_wconf 83' lang='lat' dir='ltr'>ecclesia,</span> 
     </span>
     <span class='ocr_line' id='line_1_16' title="bbox 506 1224 1087 1266; baseline 0.005 -11"><span class='ocrx_word' id='word_1_76' title='bbox 506 1224 657 1256; x_wconf 86' lang='lat' dir='ltr'>Exsultet</span> <span class='ocrx_word' id='word_1_77' title='bbox 681 1226 806 1266; x_wconf 88' lang='lat' dir='ltr'>gaudiis</span> <span class='ocrx_word' id='word_1_78' title='bbox 833 1226 919 1258; x_wconf 85' lang='lat' dir='ltr'>laeta</span> <span class='ocrx_word' id='word_1_79' title='bbox 946 1227 1087 1263; x_wconf 83' lang='lat' dir='ltr'>Polonia‚</span> 
     </span>
    </p>

    <p class='ocr_par' dir='ltr' id='par_1_9' title="bbox 609 1272 973 1306">
     <span class='ocr_line' id='line_1_17' title="bbox 609 1272 973 1306; baseline 0.005 -3"><span class='ocrx_word' id='word_1_80' title='bbox 609 1272 707 1304; x_wconf 88' lang='lat' dir='ltr'>Dives</span> <span class='ocrx_word' id='word_1_81' title='bbox 733 1273 812 1304; x_wconf 86' lang='lat' dir='ltr'>caeli</span> <span class='ocrx_word' id='word_1_82' title='bbox 841 1274 973 1306; x_wconf 79' lang='lat' dir='ltr'>divitiis.</span> 
     </span>
    </p>
   </div>
   <div class='ocr_carea' id='block_1_7' title="bbox 449 1376 1238 1561">
    <p class='ocr_par' dir='ltr' id='par_1_10' title="bbox 449 1376 1238 1514">
     <span class='ocr_line' id='line_1_18' title="bbox 449 1376 1238 1418; baseline 0 -9"><span class='ocrx_word' id='word_1_83' title='bbox 449 1377 480 1409; x_wconf 85' lang='lat'>2.</span> <span class='ocrx_word' id='word_1_84' title='bbox 508 1376 567 1407; x_wconf 89' lang='lat' dir='ltr'>Est</span> <span class='ocrx_word' id='word_1_85' title='bbox 592 1378 832 1410; x_wconf 81' lang='lat' dir='ltr'>amoenissimus</span> <span class='ocrx_word' id='word_1_86' title='bbox 857 1378 1057 1418; x_wconf 77' lang='lat' dir='ltr'>Hyacinthus</span> <span class='ocrx_word' id='word_1_87' title='bbox 1083 1378 1238 1417; x_wconf 80' lang='lat' dir='ltr'>hortulus,</span> 
     </span>
     <span class='ocr_line' id='line_1_19' title="bbox 508 1423 1141 1467; baseline 0.003 -13"><span class='ocrx_word' id='word_1_88' title='bbox 508 1423 568 1455; x_wconf 89' lang='lat' dir='ltr'>Est</span> <span class='ocrx_word' id='word_1_89' title='bbox 593 1424 808 1456; x_wconf 86' lang='lat' dir='ltr'>lucidissimus</span> <span class='ocrx_word' id='word_1_90' title='bbox 835 1430 865 1456; x_wconf 88' lang='lat' dir='ltr'>et</span> <span class='ocrx_word' id='word_1_91' title='bbox 888 1430 996 1466; x_wconf 84' lang='lat' dir='ltr'>gratus</span> <span class='ocrx_word' id='word_1_92' title='bbox 1023 1426 1141 1467; x_wconf 87' lang='lat' dir='ltr'>oculus,</span> 
     </span>
     <span class='ocr_line' id='line_1_20' title="bbox 507 1471 1204 1514; baseline 0.004 -13"><span class='ocrx_word' id='word_1_93' title='bbox 507 1471 606 1502; x_wconf 87' lang='lat' dir='ltr'>Totus</span> <span class='ocrx_word' id='word_1_94' title='bbox 633 1477 682 1504; x_wconf 84' lang='lat' dir='ltr'>est</span> <span class='ocrx_word' id='word_1_95' title='bbox 706 1471 839 1504; x_wconf 90' lang='lat' dir='ltr'>floridus</span> <span class='ocrx_word' id='word_1_96' title='bbox 866 1478 899 1504; x_wconf 85' lang='lat' dir='ltr'>ut</span> <span class='ocrx_word' id='word_1_97' title='bbox 925 1474 1033 1514; x_wconf 89' lang='lat' dir='ltr'>sponsi</span> <span class='ocrx_word' id='word_1_98' title='bbox 1059 1473 1204 1514; x_wconf 84' lang='lat' dir='ltr'>lectulus,</span> 
     </span>
    </p>

    <p class='ocr_par' dir='ltr' id='par_1_11' title="bbox 608 1520 1049 1561">
     <span class='ocr_line' id='line_1_21' title="bbox 608 1520 1049 1561; baseline 0.002 -9"><span class='ocrx_word' id='word_1_99' title='bbox 608 1520 730 1561; x_wconf 81' lang='lat' dir='ltr'>Suavis,</span> <span class='ocrx_word' id='word_1_100' title='bbox 760 1521 855 1559; x_wconf 86' lang='lat' dir='ltr'>mitis,</span> <span class='ocrx_word' id='word_1_101' title='bbox 884 1521 1049 1554; x_wconf 80' lang='lat' dir='ltr'>candidus,</span> 
     </span>
    </p>
   </div>
   <div class='ocr_carea' id='block_1_8' title="bbox 448 1623 1247 1810">
    <p class='ocr_par' dir='ltr' id='par_1_12' title="bbox 448 1623 1247 1758">
     <span class='ocr_line' id='line_1_22' title="bbox 448 1623 1142 1664; baseline 0.001 -8"><span class='ocrx_word' id='word_1_102' title='bbox 448 1624 478 1656; x_wconf 87' lang='lat'>3.</span> <span class='ocrx_word' id='word_1_103' title='bbox 504 1623 581 1654; x_wconf 89' lang='lat' dir='ltr'>Flos</span> <span class='ocrx_word' id='word_1_104' title='bbox 607 1624 674 1655; x_wconf 89' lang='lat' dir='ltr'>iure</span> <span class='ocrx_word' id='word_1_105' title='bbox 702 1625 841 1664; x_wconf 81' lang='lat' dir='ltr'>postulat</span> <span class='ocrx_word' id='word_1_106' title='bbox 867 1623 972 1656; x_wconf 88' lang='lat' dir='ltr'>fulciri</span> <span class='ocrx_word' id='word_1_107' title='bbox 999 1625 1142 1663; x_wconf 83' lang='lat' dir='ltr'>floribuS‚</span> 
     </span>
     <span class='ocr_line' id='line_1_23' title="bbox 505 1671 1247 1715; baseline 0.005 -14"><span class='ocrx_word' id='word_1_108' title='bbox 505 1671 672 1711; x_wconf 85' lang='lat' dir='ltr'>Languens</span> <span class='ocrx_word' id='word_1_109' title='bbox 700 1673 772 1703; x_wconf 78' lang='lat' dir='ltr'>dum</span> <span class='ocrx_word' id='word_1_110' title='bbox 800 1673 924 1704; x_wconf 84' lang='lat' dir='ltr'>exsulat</span> <span class='ocrx_word' id='word_1_111' title='bbox 949 1674 1065 1705; x_wconf 85' lang='lat' dir='ltr'>amoris</span> <span class='ocrx_word' id='word_1_112' title='bbox 1092 1673 1247 1715; x_wconf 83' lang='lat' dir='ltr'>raptibus,</span> 
     </span>
     <span class='ocr_line' id='line_1_24' title="bbox 505 1718 1148 1758; baseline 0.005 -9"><span class='ocrx_word' id='word_1_113' title='bbox 505 1718 625 1758; x_wconf 80' lang='lat' dir='ltr'>stipari</span> <span class='ocrx_word' id='word_1_114' title='bbox 653 1719 783 1758; x_wconf 83' lang='lat' dir='ltr'>cupiens</span> <span class='ocrx_word' id='word_1_115' title='bbox 809 1721 963 1752; x_wconf 87' lang='lat' dir='ltr'>malorum</span> <span class='ocrx_word' id='word_1_116' title='bbox 990 1720 1148 1752; x_wconf 85' lang='lat' dir='ltr'>fructibus</span> 
     </span>
    </p>

    <p class='ocr_par' dir='ltr' id='par_1_13' title="bbox 617 1766 1111 1810">
     <span class='ocr_line' id='line_1_25' title="bbox 617 1766 1111 1810; baseline 0.006 -12"><span class='ocrx_word' id='word_1_117' title='bbox 617 1767 746 1798; x_wconf 88' lang='lat' dir='ltr'>Caelum</span> <span class='ocrx_word' id='word_1_118' title='bbox 773 1766 899 1810; x_wconf 82' lang='lat' dir='ltr'>[corde]</span> <span class='ocrx_word' id='word_1_119' title='bbox 925 1769 1111 1808; x_wconf 82' lang='lat' dir='ltr'>suspiciens,</span> 
     </span>
    </p>
   </div>
   <div class='ocr_carea' id='block_1_9' title="bbox 442 1871 1214 2051">
    <p class='ocr_par' dir='ltr' id='par_1_14' title="bbox 442 1871 1214 2002">
     <span class='ocr_line' id='line_1_26' title="bbox 442 1871 1214 1914; baseline 0.005 -12"><span class='ocrx_word' id='word_1_120' title='bbox 442 1872 474 1904; x_wconf 89' lang='lat'>4.</span> <span class='ocrx_word' id='word_1_121' title='bbox 504 1871 600 1911; x_wconf 84' lang='lat' dir='ltr'>Virgo</span> <span class='ocrx_word' id='word_1_122' title='bbox 627 1872 829 1905; x_wconf 83' lang='lat' dir='ltr'>sanctissima</span> <span class='ocrx_word' id='word_1_123' title='bbox 855 1883 966 1914; x_wconf 85' lang='lat' dir='ltr'>magno</span> <span class='ocrx_word' id='word_1_124' title='bbox 993 1883 1063 1905; x_wconf 89' lang='lat' dir='ltr'>cum</span> <span class='ocrx_word' id='word_1_125' title='bbox 1089 1875 1214 1914; x_wconf 86' lang='lat' dir='ltr'>agmine</span> 
     </span>
     <span class='ocr_line' id='line_1_27' title="bbox 502 1919 1088 1961; baseline 0.005 -11"><span class='ocrx_word' id='word_1_126' title='bbox 502 1919 555 1950; x_wconf 90' lang='lat' dir='ltr'>Ad</span> <span class='ocrx_word' id='word_1_127' title='bbox 582 1920 661 1951; x_wconf 87' lang='lat' dir='ltr'>caeli</span> <span class='ocrx_word' id='word_1_128' title='bbox 688 1921 799 1952; x_wconf 76' lang='lat' dir='ltr'>intima</span> <span class='ocrx_word' id='word_1_129' title='bbox 825 1921 943 1961; x_wconf 84' lang='lat' dir='ltr'>ingenti</span> <span class='ocrx_word' id='word_1_130' title='bbox 972 1922 1088 1953; x_wconf 90' lang='lat' dir='ltr'>lumine</span> 
     </span>
     <span class='ocr_line' id='line_1_28' title="bbox 503 1966 1160 2002; baseline 0.006 -4"><span class='ocrx_word' id='word_1_131' title='bbox 503 1966 642 1999; x_wconf 88' lang='lat' dir='ltr'>Deducit</span> <span class='ocrx_word' id='word_1_132' title='bbox 669 1968 837 2000; x_wconf 86' lang='lat' dir='ltr'>concinens</span> <span class='ocrx_word' id='word_1_133' title='bbox 864 1970 994 2001; x_wconf 87' lang='lat' dir='ltr'>caelesti</span> <span class='ocrx_word' id='word_1_134' title='bbox 1021 1970 1160 2002; x_wconf 87' lang='lat' dir='ltr'>carmine</span> 
     </span>
    </p>

    <p class='ocr_par' dir='ltr' id='par_1_15' title="bbox 617 2016 1113 2051">
     <span class='ocr_line' id='line_1_29' title="bbox 617 2016 1113 2051; baseline 0.006 -4"><span class='ocrx_word' id='word_1_135' title='bbox 617 2016 682 2047; x_wconf 86' lang='lat' dir='ltr'>Iam</span> <span class='ocrx_word' id='word_1_136' title='bbox 710 2017 822 2048; x_wconf 91' lang='lat' dir='ltr'>collem</span> <span class='ocrx_word' id='word_1_137' title='bbox 849 2018 928 2048; x_wconf 87' lang='lat' dir='ltr'>turis</span> <span class='ocrx_word' id='word_1_138' title='bbox 955 2017 1113 2051; x_wconf 79' lang='lat' dir='ltr'>obtinens,</span> 
     </span>
    </p>
   </div>
   <div class='ocr_carea' id='block_1_10' title="bbox 444 2119 1204 2308">
    <p class='ocr_par' dir='ltr' id='par_1_16' title="bbox 444 2119 1204 2262">
     <span class='ocr_line' id='line_1_30' title="bbox 444 2119 1133 2164; baseline 0.006 -13"><span class='ocrx_word' id='word_1_139' title='bbox 444 2120 474 2151; x_wconf 88' lang='lat'>5.</span> <span class='ocrx_word' id='word_1_140' title='bbox 503 2119 559 2159; x_wconf 85' lang='lat' dir='ltr'>Te,</span> <span class='ocrx_word' id='word_1_141' title='bbox 587 2121 671 2152; x_wconf 84' lang='lat' dir='ltr'>trina</span> <span class='ocrx_word' id='word_1_142' title='bbox 699 2121 802 2153; x_wconf 84' lang='lat' dir='ltr'>deitas</span> <span class='ocrx_word' id='word_1_143' title='bbox 827 2131 962 2163; x_wconf 81' lang='lat' dir='ltr'>unaque,</span> <span class='ocrx_word' id='word_1_144' title='bbox 990 2123 1133 2164; x_wconf 77' lang='lat' dir='ltr'>colimus⁷</span> 
     </span>
     <span class='ocr_line' id='line_1_31' title="bbox 501 2168 1192 2212; baseline 0.003 -11"><span class='ocrx_word' id='word_1_145' title='bbox 501 2168 544 2201; x_wconf 90' lang='lat' dir='ltr'>Ut</span> <span class='ocrx_word' id='word_1_146' title='bbox 571 2169 681 2209; x_wconf 83' lang='lat' dir='ltr'>culpas</span> <span class='ocrx_word' id='word_1_147' title='bbox 707 2169 835 2201; x_wconf 90' lang='lat' dir='ltr'>abditas</span> <span class='ocrx_word' id='word_1_148' title='bbox 863 2170 1016 2205; x_wconf 85' lang='lat' dir='ltr'>dimittas.</span> <span class='ocrx_word' id='word_1_149' title='bbox 1044 2173 1192 2212; x_wconf 66' lang='lat' dir='ltr'>petitum,</span> 
     </span>
     <span class='ocr_line' id='line_1_32' title="bbox 504 2216 1204 2262; baseline 0.006 -15"><span class='ocrx_word' id='word_1_150' title='bbox 504 2216 645 2248; x_wconf 86' lang='lat' dir='ltr'>Coronas</span> <span class='ocrx_word' id='word_1_151' title='bbox 670 2217 792 2257; x_wconf 87' lang='lat' dir='ltr'>gratiae</span> <span class='ocrx_word' id='word_1_152' title='bbox 816 2227 874 2249; x_wconf 85' lang='lat' dir='ltr'>nos</span> <span class='ocrx_word' id='word_1_153' title='bbox 900 2227 1008 2250; x_wconf 88' lang='lat' dir='ltr'>omnes</span> <span class='ocrx_word' id='word_1_154' title='bbox 1035 2221 1204 2262; x_wconf 87' lang='lat' dir='ltr'>poscimus,</span> 
     </span>
    </p>

    <p class='ocr_par' dir='ltr' id='par_1_17' title="bbox 614 2264 1177 2308">
     <span class='ocr_line' id='line_1_33' title="bbox 614 2264 1177 2308; baseline 0.009 -12"><span class='ocrx_word' id='word_1_155' title='bbox 614 2264 701 2303; x_wconf 84' lang='lat' dir='ltr'>Quas</span> <span class='ocrx_word' id='word_1_156' title='bbox 728 2264 791 2297; x_wconf 87' lang='lat' dir='ltr'>fert</span> <span class='ocrx_word' id='word_1_157' title='bbox 816 2265 1018 2307; x_wconf 85' lang='lat' dir='ltr'>Hyacinthus</span> <span class='ocrx_word' id='word_1_158' title='bbox 1044 2268 1177 2308; x_wconf 86' lang='lat' dir='ltr'>gloriae.</span> 
     </span>
    </p>
   </div>
   <div class='ocr_carea' id='block_1_11' title="bbox 196 2367 1521 2473">
    <p class='ocr_par' dir='ltr' id='par_1_18' title="bbox 196 2367 1521 2473">
     <span class='ocr_line' id='line_1_34' title="bbox 274 2367 1521 2411; baseline 0.008 -17"><span class='ocrx_word' id='word_1_159' title='bbox 274 2368 341 2394; x_wconf 86' lang='lat' dir='ltr'>Ant.</span> <span class='ocrx_word' id='word_1_160' title='bbox 365 2377 416 2395; x_wconf 68' lang='lat' dir='ltr'>ms,</span> <span class='ocrx_word' id='word_1_161' title='bbox 439 2367 468 2396; x_wconf 87' lang='lat' dir='ltr'>S.</span> <span class='ocrx_word' id='word_1_162' title='bbox 490 2368 672 2396; x_wconf 86' lang='lat' dir='ltr'>Katharinae</span> <span class='ocrx_word' id='word_1_163' title='bbox 687 2370 868 2398; x_wconf 85' lang='lat' dir='ltr'>Divoduren.</span> <span class='ocrx_word' id='word_1_164' title='bbox 890 2380 967 2399; x_wconf 87' lang='lat' dir='ltr'>saec.</span> <span class='ocrx_word' id='word_1_165' title='bbox 993 2371 1036 2399; x_wconf 86' lang='lat'>14.</span> <span class='ocrx_word' id='word_1_166' title='bbox 1051 2373 1121 2400; x_wconf 85' lang='lat' dir='ltr'>Cod.</span> <span class='ocrx_word' id='word_1_167' title='bbox 1137 2373 1273 2402; x_wconf 89' lang='lat' dir='ltr'>Vaticau.</span> <span class='ocrx_word' id='word_1_168' title='bbox 1296 2384 1318 2402; x_wconf 88' lang='lat' dir='ltr'>s.</span> <span class='ocrx_word' id='word_1_169' title='bbox 1340 2385 1368 2403; x_wconf 83' lang='lat' dir='ltr'>n.</span> <span class='ocrx_word' id='word_1_170' title='bbox 1389 2375 1444 2411; x_wconf 91' lang='lat' dir='ltr'>(ol.</span> <span class='ocrx_word' id='word_1_171' title='bbox 1468 2376 1521 2404; x_wconf 72' lang='lat'>12¹2</span> 
     </span>
     <span class='ocr_line' id='line_1_35' title="bbox 196 2405 1520 2473; baseline 0.007 -41"><span class='ocrx_word' id='word_1_172' title='bbox 196 2406 266 2471; x_wconf 46' lang='lat' dir='ltr'>gisl),</span> <span class='ocrx_word' id='word_1_173' title='bbox 277 2406 356 2472; x_wconf 45' lang='lat' dir='ltr'>eagjdx.1</span> <span class='ocrx_word' id='word_1_174' title='bbox 366 2415 450 2473; x_wconf 43' lang='lat' dir='ltr'>issiagec.</span> <span class='ocrx_word' id='word_1_175' title='bbox 472 2405 546 2434; x_wconf 72' lang='lat'>¹⁶!10.</span> <span class='ocrx_word' id='word_1_176' title='bbox 568 2422 604 2427; x_wconf 94' lang='lat'>—</span> <span class='ocrx_word' id='word_1_177' title='bbox 626 2406 657 2441; x_wconf 82' lang='lat'>2,</span> <span class='ocrx_word' id='word_1_178' title='bbox 681 2406 699 2435; x_wconf 88' lang='grc'>2</span> <span class='ocrx_word' id='word_1_179' title='bbox 720 2409 822 2436; x_wconf 80' lang='lat' dir='ltr'>oculis.</span> <span class='ocrx_word' id='word_1_180' title='bbox 847 2424 880 2428; x_wconf 88' lang='lat'>—</span> <span class='ocrx_word' id='word_1_181' title='bbox 905 2409 938 2444; x_wconf 86' lang='lat'>4,</span> <span class='ocrx_word' id='word_1_182' title='bbox 969 2409 981 2437; x_wconf 97' lang='grc'><strong>1</strong></span> <span class='ocrx_word' id='word_1_183' title='bbox 1006 2413 1201 2441; x_wconf 80' lang='lat' dir='ltr'>sanctissime.</span> <span class='ocrx_word' id='word_1_184' title='bbox 1223 2429 1260 2433; x_wconf 87' lang='lat'>—</span> <span class='ocrx_word' id='word_1_185' title='bbox 1282 2414 1365 2442; x_wconf 67' lang='lat' dir='ltr'>Mel:</span> <span class='ocrx_word' id='word_1_186' title='bbox 1388 2415 1520 2443; x_wconf 75' lang='lat' dir='ltr'>Sacris</span> 
     </span>
    </p>
   </div>
  </div>
 </body>
</html>
