1653 2656
710 131 946 167 -13-

160 231 218 259 Die
238 231 413 269 Doxologie
435 233 530 260 lautet
551 233 582 259 in
604 233 627 260 B
642 231 665 259 C
679 230 723 258 E:

604 281 686 308 Laus
706 279 784 315 patri
806 279 846 306 sit
865 276 1007 312 ingenito,

605 319 686 346 Laus
707 318 770 345 eius
791 317 955 352 unigenito.

606 358 686 385 Laus
707 357 747 383 sit
767 358 869 384 sancto
891 353 1021 390 spiritui,

605 397 696 423 Trino
718 395 781 423 Deo
804 403 838 422 ac
859 392 1007 428 simplici,

162 435 192 461 in
215 435 241 461 D
262 434 410 471 dagegen:

607 474 687 500 Laus
711 475 741 500 et
761 471 898 508 perennis
919 470 1016 506 gloria

608 512 671 539 Deo
693 512 770 547 patri
794 514 823 538 et
842 509 915 541 filio,

607 550 716 577 Sancto
738 549 826 576 simul
847 548 993 584 paraclito

608 589 756 624 Regnanti
777 588 889 623 absque
910 587 1045 613 termino.

241 646 300 674 Cfr.
326 647 415 673 Mone
436 647 460 680 Ι,
480 645 507 673 4.
549 647 610 674 Der
631 647 768 682 Hymnus
794 647 833 672 ist
858 644 921 671 hier
946 642 1122 679 eingereiht,
1154 650 1202 669 um
1229 641 1276 667 die
1303 649 1360 666 von
1393 639 1446 665 No.
1467 637 1485 666 4

163 685 210 712 bis
233 683 267 712 11
289 683 364 712 inkl.
386 685 523 712 lausende
547 686 630 712 Sei-ie
650 685 734 712 nicht
754 693 790 711 zu
810 682 1029 710 verstfimmein.

565 846 608 877 10.
649 846 691 876 De
713 843 915 876 sanctissima
935 842 1102 874 Trinitate.

698 916 749 942 Ad
776 916 977 950 Vesperas.

170 1007 202 1040 1.
230 1007 256 1039 O
282 1005 455 1038 benedicta
480 1005 623 1043 trinitas,
867 1004 898 1035 3.
927 1001 1029 1033 Huius
1052 1000 1128 1032 fidei
1156 1000 1289 1031 firmitas

229 1054 273 1087 Et
298 1054 467 1086 adoranda
493 1053 609 1091 unitas,
926 1050 1027 1081 Tuam
1054 1048 1143 1080 nobis
1171 1047 1321 1079 conciliet

229 1103 322 1144 Quod
348 1102 409 1133 tibi
432 1103 486 1142 pie
511 1102 663 1139 canimus,
927 1098 1076 1137 Optatam
1104 1096 1185 1128 votis
1211 1094 1359 1135 gratiam,

231 1151 309 1183 Tuis
334 1151 445 1190 aspira
470 1149 632 1182 laudibuS.
929 1146 1009 1177 Boni
1034 1145 1130 1176 totius
1157 1143 1331 1184 praeviam.

173 1259 205 1291 2.
234 1259 272 1290 In
298 1266 509 1297 personarum
537 1264 670 1287 numero
871 1254 903 1285 4.
932 1251 1094 1283 concedat
1120 1249 1205 1281 trina
1232 1248 1345 1285 deitas,

233 1305 339 1339 Unum
368 1309 400 1336 te
428 1305 529 1336 Deum
558 1304 730 1342 credimus,
932 1300 1078 1331 Praestet
1104 1307 1167 1329 una
1193 1296 1356 1331 divinitas,

235 1354 516 1394 Cunctipotentem
543 1352 683 1384 omnium
931 1349 975 1381 Ut
1002 1356 1076 1378 suae
1103 1345 1208 1377 laudis
1235 1344 1359 1376 cantica

236 1402 464 1435 Creaturarum
490 1401 681 1441 principem.
931 1396 1001 1427 Sint
1026 1394 1118 1426 nobis
1145 1391 1325 1425 salutifera.

253 1498 345 1526 Psalt.
366 1501 395 1525 et
417 1497 516 1533 hymn.
538 1505 590 1523 ms.
611 1495 822 1522 Valcidorense
844 1501 920 1520 saec.
938 1490 1011 1517 ¹¹l12.
1028 1490 1100 1517 clm.
1122 1490 1278 1516 Monacen.
1297 1484 1402 1513 13067.
1419 1486 1452 1512 A.
1469 1500 1504 1503 —

174 1537 268 1565 Psalt.
290 1540 320 1564 et
346 1536 445 1571 hymn.
468 1544 520 1562 ms.
543 1536 668 1563 ostense
696 1541 774 1561 saec.
798 1531 841 1559 15.
863 1531 934 1559 Cod.
957 1530 1082 1557 Parisin.
1109 1526 1191 1555 1329.
1212 1527 1245 1554 Β.
1268 1540 1305 1545 —
1325 1526 1410 1551 Brev.
1433 1525 1505 1550 Las-

175 1584 314 1604 eurrense
336 1577 406 1611 imp.
428 1575 585 1602 Lascurris
611 1572 680 1600 1541
703 1572 817 1607 (reimp.
842 1568 933 1601 1891).
956 1569 987 1596 C.

275 1623 300 1655 l,
319 1623 331 1651 l
354 1625 380 1652 O
400 1623 475 1651 fehlt
495 1623 531 1657 (ἐς
554 1623 579 1650 O
599 1620 768 1649 veneranda
788 1622 821 1648 B.
845 1635 880 1639 -—
905 1617 930 1650 1,
944 1616 962 1645 3
983 1618 1049 1651 Qua
1070 1617 1117 1650 pie
1139 1615 1195 1642 tibi
1216 1615 1257 1648 133
1280 1613 1362 1647 Quae
1383 1613 1430 1647 pie
1452 1610 1507 1638 tibi

176 1665 209 1693 C.
230 1678 266 1682 —
289 1662 315 1695 2,
337 1662 356 1690 4
382 1663 506 1690 Creator
526 1665 556 1690 et
582 1661 761 1697 principium
784 1660 816 1686 Β.
846 1672 880 1676 --
904 1655 931 1689 3,
955 1655 968 1683 l
991 1656 1083 1683 Cuius
1104 1654 1167 1689 BC;
1189 1653 1248 1679 diei
1271 1651 1394 1678 firmitas
1415 1651 1447 1676 B.
1471 1664 1507 1668 —

175 1702 202 1736 3,
217 1701 236 1731 3
257 1703 394 1730 Obtentis
415 1703 494 1728 votis
515 1702 554 1735 B;
578 1699 717 1735 Optatam
733 1698 819 1725 nobis
835 1697 865 1724 C.
881 1710 918 1715 -—
936 1694 961 1727 3.
977 1694 995 1722 4
1010 1695 1100 1721 Bonis
1117 1694 1148 1720 B.
1166 1706 1201 1710 —-
1217 1691 1274 1718 Cfr.
1292 1690 1376 1717 Anal.
1392 1689 1444 1721 XI,
1458 1686 1509 1723 133

175 1742 235 1780 vgl.
256 1741 304 1769 die
326 1740 514 1776 Bemerkung
535 1749 571 1766 zu
594 1739 645 1766 Nr.
668 1736 694 1765 9.

581 1902 617 1934 11.
659 1902 701 1932 De
723 1898 924 1931 sanctissima
944 1895 1108 1927 Trinitate.

648 1972 697 1999 Ad
724 1968 1036 2006 Conipletorium.

180 2066 212 2098 1.
239 2066 320 2106 Ave,
349 2064 485 2096 colenda
510 2062 650 2098 trinitas,
881 2061 912 2091 3.
940 2057 984 2091 Ut
1013 2064 1083 2086 eum
1111 2052 1202 2084 nobis
1229 2049 1389 2089 ingruerit

238 2114 319 2153 Ave,
348 2112 500 2153 perennis
526 2111 645 2150 unitas,
938 2102 1121 2136 Tremenda
1147 2101 1215 2132 dies
1243 2099 1366 2134 ultima,

239 2162 340 2194 Pater
365 2161 464 2203 Deus,
491 2164 567 2192 nate
592 2161 680 2192 Deus
938 2153 1026 2185 Tuae
1053 2150 1156 2182 dulcis
1183 2146 1371 2179 clementiae

238 2211 282 2243 Et
308 2211 397 2242 Deus
424 2210 509 2241 alme
535 2208 681 2248 spiritus.
939 2201 1119 2233 sentiamus
1143 2195 1330 2229 munimina.

181 2321 214 2353 2.
241 2318 406 2350 Hactenus
432 2315 492 2347 tibi
520 2323 660 2346 consona
881 2310 912 2340 4.
940 2307 984 2339 Et
1010 2314 1068 2337 nos
1094 2304 1168 2343 iam,
1196 2302 1281 2334 alma
1307 2299 1447 2342 trinitas,

240 2365 470 2407 Depromimus
496 2363 680 2404 praeconia,
941 2353 1084 2388 Attende
1110 2351 1164 2392 pio
1190 2358 1331 2391 munere,

242 2415 315 2448 Sint
340 2423 379 2446 ea
404 2416 472 2454 tuo,
497 2419 701 2452 quaesumus,
942 2403 986 2436 Ut
1010 2401 1196 2442 angelorum
1221 2397 1373 2431 laudibus

247 2462 441 2504 conspectui
468 2459 663 2502 gratissima.
941 2451 1117 2488 AdmittaS,
1145 2447 1230 2488 quod
1256 2446 1480 2488 persolvimus.
