1653 2656
677 143 936 178 -165-

428 237 462 270 3.
489 239 580 271 Pelle
606 240 782 273 clementer
808 242 966 274 cumulum
993 242 1101 285 piacli,

486 287 605 320 Mortis
631 292 664 320 et
689 289 793 322 morbi
818 290 981 322 stimulum
1009 291 1130 330 recide,

486 334 536 366 Ne
561 336 623 368 sibi
651 337 774 370 Christi
800 337 926 379 subigat
952 339 1085 370 clientes

628 385 802 418 Daemonis
827 386 886 421 ira.

425 461 457 492 4.
485 460 620 493 Praesul
646 463 792 505 insignis,
820 461 952 504 fragiles
978 468 1079 502 tuere,

485 508 535 540 Tu
560 518 653 549 geras
679 515 808 542 nostrae
834 511 911 543 fidei
937 512 1080 550 tutelam,

484 556 528 589 Ut
554 557 623 590 Deo
648 558 777 599 dignam
804 559 921 600 iugiter
945 569 1098 599 queamus

631 607 776 646 Pangere
803 607 911 640 vitam.

424 683 456 714 5.
487 681 568 713 Vota
595 683 798 722 psallentum,
827 684 964 724 petimus
990 690 1134 727 ovantes,

483 729 591 761 lncliti
618 731 702 769 regis
730 731 854 764 referas
881 733 922 764 ad
950 742 1053 774 aures,

481 777 626 810 Praestet
653 783 687 810 ut
714 779 805 811 nobis
831 781 978 820 placidus
1005 791 1156 813 amoenae

624 826 752 859 Gaudia
777 828 871 861 vitae.

421 904 451 936 6.
482 902 566 934 Laus
594 903 663 935 Deo
690 904 775 943 patri
802 905 961 944 parilique
988 906 1071 945 proli

476 951 520 982 Et
546 951 604 982 tibi
631 957 742 983 sancte
768 952 876 984 studio
902 954 1036 992 perenni

479 999 620 1039 Spiritus
646 1003 756 1031 nostro
783 1006 910 1031 resonet
936 1001 976 1032 ab
1003 1011 1058 1032 ore

622 1047 723 1079 Omne
750 1057 808 1087 per
834 1057 958 1081 aevum.

207 1123 315 1157 Hymn.
340 1131 393 1149 ms.
415 1123 565 1150 Romarici
588 1123 700 1150 Montis
723 1132 799 1150 saec.
824 1122 866 1150 15.
890 1124 960 1151 Cod.
984 1125 1149 1160 Spinalien.
1175 1124 1227 1152 194
1248 1125 1315 1157 (86).

561 1246 636 1277 279:
671 1244 712 1277 De
735 1247 843 1277 sancto
865 1246 1028 1278 Hadelino.

328 1318 492 1350 Virtutum
522 1318 688 1359 Dominus,
716 1327 826 1358 regum
854 1319 922 1350 sine
950 1322 1095 1359 tempore
1122 1320 1255 1359 primus,

327 1366 533 1406 Contegnare
560 1376 651 1398 suum
678 1366 739 1398 sibi
768 1367 901 1399 donavit
927 1367 1147 1399 Hathelinum.

326 1414 413 1447 Hinc
439 1415 524 1446 latae
550 1415 675 1456 laudes,
704 1415 779 1446 hinc
804 1424 936 1456 organa,
962 1416 1096 1458 cantica,
1127 1425 1219 1448 voces

325 1464 480 1495 Astantes
507 1464 649 1495 mulcent
675 1468 705 1495 et
731 1464 853 1495 lumina
879 1464 968 1496 clara
994 1465 1148 1497 relucent.

266 1514 297 1545 5.
327 1511 389 1548 Tu,
416 1517 519 1551 pater,
548 1512 674 1543 assistis
700 1512 780 1543 caeli
807 1513 1016 1544 concentibus
1042 1513 1108 1544 illis

327 1560 494 1592 Exaudire
521 1565 646 1600 potenS,
674 1560 790 1600 quibus
817 1565 864 1592 est
891 1561 931 1592 ad
959 1568 1071 1593 sancta
1097 1561 1177 1593 fides
1200 1570 1300 1600 mens,

326 1608 370 1640 Et
396 1619 454 1641 nos
480 1609 657 1649 psallentes
685 1609 847 1649 vitamque
874 1614 960 1641 tuam
988 1610 1177 1642 recolentes.

325 1657 534 1700 Quaesumus,
561 1661 597 1689 ut
623 1666 746 1689 merces
772 1658 815 1689 sit
840 1658 933 1690 nobis
960 1659 1064 1699 gratia
1091 1668 1219 1699 perpes.

328 1707 453 1739 Cuncta
480 1706 550 1738 Deo
575 1710 716 1742 cantent,
744 1706 939 1739 benedicant
965 1707 1050 1739 hunc
1076 1711 1108 1738 et
1133 1708 1278 1747 adorent,

244 1756 299 1788 10.
329 1754 387 1787 Cui
415 1755 462 1786 sic
487 1755 651 1794 angelicus
678 1755 794 1787 merito
820 1756 943 1795 placuit
970 1755 1174 1789 Hathelinus.

325 1803 526 1836 Omnimodis
552 1803 664 1843 iustus,
693 1804 765 1843 pius
792 1807 840 1835 est
866 1804 899 1836 in
926 1814 1006 1845 pace
1033 1805 1178 1844 sepultus

325 1852 415 1883 Vivit
440 1856 471 1883 et
500 1852 652 1883 emeritus
679 1852 776 1884 caelis
804 1853 920 1893 dignus
947 1853 1153 1891 Hathelinus,

325 1900 450 1933 Sanans
479 1902 665 1941 languentes
692 1905 724 1932 et
749 1902 878 1933 salvans
905 1902 988 1934 iusta
1015 1906 1175 1942 petentes.

321 1949 433 1982 Affore
461 1950 614 1990 d1gnetur
640 1949 765 1982 cunctis
792 1954 826 1982 ut
852 1951 1058 1991 propitietur.

201 2026 324 2054 Collect.
346 2036 399 2054 ms.
422 2029 453 2055 S.
474 2027 627 2054 Heriberti
648 2024 812 2054 Tuitiensis
835 2037 911 2055 saec.
937 2026 979 2054 12.
996 2027 1246 2055 (30(1.Ι,οι]<1ἰι]εῐι.
1265 2027 1338 2054 Add.
1359 2026 1395 2054 27
1407 2026 1464 2056 680

124 2065 191 2099 (mit
210 2066 372 2099 Neumen.).
396 2081 432 2085 —
454 2066 606 2094 Abschrift
627 2075 684 2092 von
711 2067 782 2095 Rev.
804 2067 842 2093 H.
865 2067 905 2093 M.
927 2067 1095 2094 Bannister.

555 2189 624 2222 280.
669 2189 709 2220 De
731 2190 844 2221 sancta
867 2189 1028 2229 uedwige.

654 2251 677 2277 A
687 2250 704 2277 d
732 2251 758 2277 V
768 2259 783 2277 e
792 2259 804 2277 s
811 2259 830 2286 p
839 2259 854 2277 e
863 2259 876 2277 r
884 2258 902 2277 a
910 2259 933 2277 s.

124 2320 155 2354 1.
183 2319 310 2363 Gaude,
339 2318 420 2352 felix
448 2319 594 2362 Polonia,
827 2321 859 2352 2.
886 2319 992 2353 Adest
1020 2320 1090 2352 dies
1116 2319 1271 2361 laetitiae,

183 2368 367 2401 Coruscans
395 2368 484 2400 claro
509 2368 628 2409 sidere,
886 2368 954 2407 Quo
982 2378 1054 2400 rosa
1081 2367 1283 2400 delectabilis

184 2417 250 2452 Ubi
277 2417 404 2450 clarent.
431 2417 606 2457 praeconia
885 2416 1027 2450 Offertur
1053 2417 1121 2457 regi
1146 2417 1280 2459 gloriae,

181 2466 321 2507 Adi-igis
349 2465 411 2498 Dei
437 2473 580 2498 munere.
886 2465 1023 2506 Advigis
1049 2470 1173 2508 sancta,
1201 2466 1329 2500 nobilis.
1365 2470 1370 2475 ’
