1653 2656
717 157 760 163 -
813 136 878 170 110
928 153 974 160 —

620 231 678 262 187.
718 230 759 260 De
779 230 889 260 saneta
910 226 1076 259 Clu-istim.

688 290 737 317 Ad
764 289 1004 316 Matutinum.

483 365 515 397 1.
542 363 687 396 Pondere
714 362 792 394 ferri
818 361 946 402 gravius
972 364 1096 398 onusta,

543 411 657 451 Alapis
683 415 786 449 tunsa,
812 409 938 449 ungulis
964 411 1065 442 arata.

542 459 644 490 Carne
671 458 778 490 decisa
801 457 915 498 polluit
941 460 1103 496 aspectum

684 505 799 537 Genita
825 504 938 544 patriS.

481 603 512 634 2.
541 602 617 641 Igne
642 609 792 631 succenso
817 599 896 630 rotis
922 599 1065 631 elevatur

540 649 617 680 Oleo
643 647 724 685 fuso,
751 646 877 678 flamma
902 647 959 678 sed
987 655 1155 687 erumpens

541 696 667 728 Turbae
693 694 847 735 profanae
873 695 1026 734 plurimos
1053 693 1206 726 exstinxit

684 744 814 782 Virgine
840 743 938 776 salva.

486 841 516 873 3.
545 840 628 871 Saxo
654 838 848 879 praegrandi
873 838 956 870 collo
982 838 1145 878 alligatam

543 887 697 928 Lymphis
725 887 873 917 iniectam
901 886 1016 926 pelagi,
1044 895 1105 916 non
1133 893 1268 916 mersam

544 935 679 975 Agmina
705 935 787 973 regit
812 934 930 965 caelica
956 943 1026 964 cum
1052 941 1176 964 summo

685 982 834 1021 Principe
861 981 997 1014 Christo.

484 1080 516 1110 4.
544 1078 676 1117 Gurgite
702 1077 802 1108 solum
829 1077 961 1107 caelitus
988 1076 1129 1107 adducta

546 1126 676 1157 Sistitur
705 1125 789 1165 patri
814 1125 942 1155 lavacro
967 1128 1088 1161 renata⁷

546 1173 642 1204 Sacro
669 1181 761 1212 quam
789 1181 904 1212 parens
930 1171 1072 1210 iugulare
1100 1174 1192 1212 parat

690 1220 795 1251 Morte
822 1224 1024 1260 praeventus.

489 1318 520 1348 5.
549 1316 656 1348 Urnae
683 1314 832 1346 candenti
858 1314 957 1345 multo
985 1323 1054 1345 cum
1082 1314 1205 1352 liquore

547 1363 647 1394 Iudex
673 1362 868 1393 succendens
895 1361 1052 1402 praecipit
1078 1361 1233 1402 immergi,

547 1410 617 1441 Non
644 1410 731 1440 laesa
757 1410 846 1449 virgo
871 1409 1008 1440 iubilans
1034 1409 1066 1440 in
1093 1408 1220 1440 laudern

688 1457 806 1489 Christi
832 1457 1021 1497 prorumpit.

489 1555 519 1586 6.
547 1554 651 1585 Tonsa
675 1553 798 1584 malone
825 1552 964 1584 trahitur
989 1552 1028 1583 ad
1057 1551 1163 1582 fanum

548 1602 688 1640 Corpore
715 1601 809 1641 nuda,
837 1604 917 1637 orat⁷
946 1604 975 1630 et
1001 1600 1119 1639 Apollo

548 1649 634 1690 Ruit,
662 1652 691 1679 et
718 1649 813 1678 iudex
841 1648 983 1686 moritur,
1012 1652 1041 1678 et
1070 1647 1203 1678 credunt

692 1696 782 1727 Milia
808 1701 910 1728 terna.

497 1803 523 1824 ι.
551 1791 661 1822 Gloria
687 1791 790 1822 laudis
817 1791 858 1822 sit
883 1794 1013 1822 aeterno
1038 1791 1134 1830 patri,

553 1839 687 1870 Genitae
715 1839 797 1879 proli
823 1838 941 1870 flamini
969 1843 1104 1874 sacrato,

550 1887 597 1918 Sit
624 1897 686 1927 pax
713 1891 743 1917 et
771 1887 855 1918 salus
881 1886 972 1917 nobis
999 1886 1182 1918 interventu

691 1934 830 1974 Virginis
857 1935 969 1967 almae.

278 2021 389 2048 Pontis.
411 2030 462 2047 ms.
485 2020 681 2047 Paulanorurn
705 2028 781 2048 saec,
806 2018 848 2046 15.
871 2019 940 2046 Cod.
963 2020 1096 2046 Vatican.
1119 2020 1257 2047 Ottobon.
1279 2019 1345 2047 502.

629 2147 686 2178 188.
728 2147 769 2177 De
791 2148 899 2177 sancta
920 2145 1089 2177 Cliristina.

746 2212 797 2239 Ad
825 2212 976 2239 Laudes.

493 2286 522 2318 1.
550 2287 641 2318 Iussu
666 2285 795 2326 tyranni
821 2285 923 2316 Tertii
948 2285 1105 2316 caminum

552 2333 643 2365 Subit
668 2334 842 2371 incensum,
869 2333 989 2372 rorida,
1016 2342 1078 2364 non
1104 2338 1186 2371 usta,

552 2382 680 2414 Christo
708 2381 891 2422 decantans,
921 2382 1041 2422 angelis
1068 2382 1230 2424 adiuncta,

693 2430 838 2469 Quinque
865 2429 986 2463 diebus.
