1653 2656
718 138 955 174 ...60-

218 257 227 266 .
252 234 306 266 Ad
334 234 447 266 summi
472 235 562 275 regni
584 235 699 266 solium
880 237 913 269 4.
939 235 1100 267 Immenso
1124 235 1233 267 cordis
1255 235 1356 268 iubilo

253 282 377 314 Evecta
403 287 434 314 et
459 281 632 323 fastigium,
938 284 1045 322 Atque
1069 282 1175 314 laudis
1198 283 1344 324 tripudio

252 329 320 361 Nos
346 330 452 362 clarae
477 334 550 361 tuae
576 330 683 362 curiae
938 330 1033 362 Nunc
1057 330 1159 362 Deum
1184 330 1405 364 benedicimus

252 377 408 410 Asci-ibas
434 382 465 408 et
490 376 643 410 familiae.
937 377 1002 410 Pro
1025 377 1085 409 tibi
1111 378 1196 410 datis
1221 379 1378 413 omnibus.

264 451 345 480 Orat.
366 461 419 479 ms.
441 452 470 479 S.
490 452 570 479 Petri
592 452 794 489 Salisburgen.
815 461 890 480 saec.
914 451 957 479 15.
979 452 1051 480 Cod-
1071 453 1183 480 Petrin.
1203 453 1223 480 b
1244 454 1302 481 VII
1324 453 1368 482 10.

635 579 679 609 96.
720 579 761 610 De
783 579 876 610 beata
896 579 997 610 Maria
1018 579 1053 610 V.

213 673 220 680 .
246 648 368 688 Regina
393 653 500 680 terrae
525 649 674 689 gentium,
874 651 905 683 3.
934 650 1144 683 Conciliatrix
1169 652 1293 690 veniae,

245 695 361 728 Maria.
388 696 493 727 lumen
520 697 682 732 mentium,
934 698 1039 738 Larga
1063 699 1212 740 largitrix
1238 700 1372 739 gratiae,

245 743 331 774 Fons
358 753 509 783 aquarum
536 745 720 782 viventium,
932 747 1026 778 Pacis
1051 746 1187 783 auctrix,
1212 747 1403 779 concordiae

248 790 407 822 Solacium
432 792 651 825 maerentium.
931 794 974 826 Et
1000 795 1190 834 imperatrix
1216 795 1351 835 gloriae.

213 893 219 899 .
246 867 294 898 Tu
320 869 409 907 virga
436 869 521 899 Iesse
546 867 671 901 florida.
869 874 904 905 4,
931 871 1018 903 Rosa
1043 880 1124 912 quae
1148 870 1276 911 profers
1301 872 1404 903 lilium

246 914 394 955 Coniugii
419 916 495 947 urbs
520 917 627 947 valida
929 919 972 950 Et
999 919 1088 950 sidus
1115 920 1214 950 solem
1242 919 1354 959 filium,

246 963 287 993 Et
315 963 409 995 stella
434 965 531 995 maris
557 963 690 1004 fulgida.
930 967 1023 998 Hunc
1050 967 1142 998 uobis
1166 968 1199 998 in
1225 968 1425 1008 praesidium

248 1010 438 1042 Cunctorum
465 1017 567 1043 mater
592 1013 710 1044 vivida.
929 1014 979 1045 Da
1004 1023 1088 1046 nunc
1114 1020 1144 1046 et
1168 1020 1241 1054 post
1259 1016 1293 1046 in
1310 1015 1498 1055 praemium.

557 1091 588 1120 5.
615 1088 726 1120 Gloria
751 1089 821 1128 tibi,
848 1089 994 1129 Domine⁷

615 1136 702 1168 Deus
728 1137 831 1179 homo,
859 1138 913 1177 qui
939 1139 1062 1178 virgine

614 1184 755 1215 Prodisti
781 1185 887 1216 David
912 1186 1063 1227 germine,

614 1231 685 1262 Xon
711 1242 729 1263 a
756 1233 840 1263 virili
866 1234 997 1266 semine.

259 1304 395 1339 Sequent
428 1309 464 1332 et„
502 1306 600 1340 hymn.
632 1315 683 1332 ωε.
710 1306 836 1334 Carmeli
862 1307 966 1335 Senen.
997 1317 1073 1335 saec.
1102 1309 1145 1336 14.
1174 1310 1244 1337 Cod.
1272 1311 1378 1338 Senen.
1403 1311 1428 1339 G
1453 1313 1499 1339 ΙΠ

182 1340 208 1368 2.
235 1357 272 1361 -
296 1341 326 1369 5.
358 1341 376 1369 ⁴2
404 1344 447 1370 De
472 1345 555 1370 cujus
582 1343 668 1370 homo
699 1346 758 1380 qui.
786 1360 820 1363 —
848 1345 879 1378 5,
907 1346 926 1373 4
953 1347 1019 1373 Non
1046 1348 1127 1374 fehlt.
1155 1363 1192 1366 —
1216 1349 1304 1376 Mel.:
1334 1351 1498 1385 Agnetis

181 1380 319 1407 festum
345 1383 534 1416 martyris.

632 1471 676 1501 97.
718 1471 759 1502 De
780 1471 875 1502 beata
895 1472 993 1503 Maria
1016 1474 1050 1504 V.

718 1531 769 1558 Ad
794 1532 958 1559 Primam.

183 1597 216 1628 1.
243 1596 269 1628 O
296 1596 431 1633 Christe.
460 1598 566 1637 proles
593 1599 735 1641 virginis,
866 1603 897 1633 2.
925 1602 951 1633 0
977 1602 1095 1634 mundo
1122 1604 1326 1640 venerabilis,

242 1644 347 1676 Patris
375 1654 505 1685 compar
530 1647 688 1686 altissimi,
924 1649 1033 1689 Virgo.
1060 1655 1164 1682 mater
1188 1651 1357 1690 mirabili5‚

243 1691 305 1723 Per
329 1698 402 1723 tuae
428 1694 538 1725 matris
565 1695 678 1726 merita
922 1697 1039 1729 Maria.
1066 1698 1162 1737 plena
1187 1700 1302 1739 gratia,

241 1739 321 1771 Dele
347 1745 456 1772 nostra
481 1743 673 1780 peccamina.
924 1744 989 1777 Ora
1014 1755 1074 1785 pro
1100 1746 1204 1785 nobis,
1234 1747 1373 1782 domina.

551 1819 581 1850 3.
608 1818 724 1859 Maria,
753 1823 856 1851 mater
881 1820 1013 1862 gratiae,

608 1866 715 1897 Mater
741 1867 990 1907 misericordiae,

609 1913 658 1944 Tu
683 1923 740 1945 nos
766 1914 806 1946 ab
832 1915 923 1947 hoste
949 1922 1080 1957 protege

608 1961 651 1992 Et
678 1962 756 1994 hora
781 1964 894 1994 mortis
920 1965 1057 2004 suscipe.

253 2036 339 2063 Brev.
361 2036 390 2063 S.
412 2036 514 2063 Crucis
536 2037 564 2064 b.
584 2037 722 2064 Leufiedi
745 2039 813 2074 imp.
835 2048 858 2066 s.
880 2039 900 2066 L
921 2043 950 2066 et
971 2048 997 2067 a.
1018 2037 1126 2076 [l-544].

626 2159 673 2189 98.
715 2158 757 2190 De
778 2159 871 2191 beata
891 2161 992 2192 Maria
1015 2162 1048 2192 V.

712 2219 759 2246 Ad
785 2220 958 2248 Tertiam.

204 2312 212 2318 .
239 2286 336 2324 Quem
365 2287 525 2319 credimus
551 2297 590 2319 ex
615 2289 738 2328 virgine
865 2291 897 2322 2.
926 2292 1014 2330 Quae
1039 2293 1177 2332 genuisti
1202 2294 1303 2327 filium

238 2334 368 2367 Natum.
395 2335 531 2376 benigne
557 2336 703 2376 Domine,
926 2341 955 2370 A
983 2349 1104 2372 summo
1129 2347 1222 2380 patre
1247 2345 1400 2387 genitum,

241 2383 290 2415 Sit
314 2383 406 2414 nobis
433 2383 511 2415 haec
537 2383 695 2416 confessio
926 2388 989 2419 Per
1013 2388 1091 2420 haec
1117 2395 1173 2422 tua
1198 2401 1256 2423 nos
1281 2394 1399 2426 merita

238 2431 447 2463 Pecmtorum
473 2432 629 2465 remissio.
924 2436 955 2468 A
980 2436 1073 2476 lapsu
1098 2440 1211 2471 mortis
1237 2441 1353 2474 releva
