1653 2656
235 220 294 256 13.

231 481 290 517 14.

231 743 289 776 15.

232 1004 286 1038 16.

226 1263 281 1297 17.

218 1526 276 1558 18.

217 1786 272 1820 19.

210 2045 269 2078 20.

210 2305 266 2337 21.

322 221 348 254 Ο
375 224 531 258 ecclesiae
558 227 612 260 lux
639 238 755 270 magna

323 269 368 302 Et
393 274 598 308 sacerdotum
625 278 738 320 gloria,

320 318 403 352 Dum
429 324 521 364 gregi
547 331 694 364 praestas
720 328 850 368 pabula,

322 367 422 401 Cordi
449 372 566 411 pandis
593 376 757 414 mysteria.

318 483 382 515 Hic
409 487 496 518 venit
521 488 564 520 ad
591 490 753 523 civitatem

318 532 425 565 Aletis
451 535 576 568 intrans
602 539 804 582 gaudentem,

322 581 358 612 In
385 591 448 622 qua
474 585 583 616 multis
611 587 783 621 virtutibus

318 629 468 662 Ostendit
493 642 527 664 se
553 633 744 669 homiuibus.

319 745 451 778 Curavit
479 757 603 788 quoque
630 751 784 794 leprosos,

316 794 440 826 Curvos
467 797 570 828 erexit
595 804 734 840 sanatoS‚

316 841 534 876 Resuscitavit
559 853 712 885 mortuos,

311 889 371 928 Qui
397 890 473 923 inde
500 893 649 926 vixerunt
676 905 781 930 sanos,

313 1005 383 1037 Rex
409 1008 570 1039 caelorum
597 1010 782 1050 altissimus,

313 1053 408 1085 Solus
435 1056 580 1088 excelsus
608 1058 773 1101 Dominus,

312 1101 384 1133 Nou
412 1103 574 1136 clauditur
600 1108 799 1146 temporibus

310 1150 505 1183 permanens
545 1162 673 1194 semper
699 1161 858 1189 aeternus.

310 1265 371 1304 Qui
398 1271 429 1297 et
457 1269 580 1299 vocavit
607 1270 762 1309 optimum

308 1313 495 1347 Machutum
524 1326 615 1348 suum
642 1316 807 1359 famulum,

309 1361 462 1394 Sanctum
488 1368 584 1405 atque
610 1366 790 1408 mirificum,

309 1409 482 1443 Doctorem
514 1422 638 1453 quoque
665 1414 854 1454 perfectum.

306 1526 408 1558 Verus
436 1528 487 1559 hic
513 1531 716 1569 evangelicus

303 1575 439 1607 Athleta
464 1577 526 1609 Dei
553 1579 692 1618 optimus

303 1623 496 1666 Contempta
522 1627 632 1658 mundi
659 1628 762 1666 gloria

301 1670 447 1705 Centena
472 1676 609 1715 sumpsit
634 1677 790 1716 praemia.

300 1788 424 1821 Audite
450 1799 559 1823 omnes
587 1791 710 1834 fulgida

303 1835 414 1869 Sancti
440 1839 603 1873 Machutis
630 1851 729 1882 opera

298 1885 455 1928 Episcopi
482 1890 668 1931 praecipua,

295 1933 417 1975 Magna
443 1940 474 1968 et
498 1938 703 1979 principalia.

298 2046 415 2080 Coram
440 2048 509 2081 Deo
536 2050 735 2094 dignissima,

296 2095 490 2130 Hominibus
516 2099 690 2140 placentia,

291 2143 467 2179 Diffamata
493 2157 552 2187 per
577 2153 725 2189 tempora

293 2192 398 2226 Huius
424 2197 536 2228 mundi
563 2198 746 2231 novissima.

295 2305 396 2344 Quem
424 2307 594 2347 copulasti,
621 2308 769 2351 Domine,

288 2353 488 2394 Angelorum
515 2356 547 2387 in
574 2357 698 2397 ordine,

287 2402 486 2435 Benedictus
514 2414 534 2436 a
560 2404 710 2448 Domino,

287 2450 357 2484 Deo
386 2452 517 2484 deorum
544 2461 695 2494 superno.

879 135 924 170 22
931 137 953 171 3

935 235 991 267 22.

931 496 986 529 23.

926 755 982 787 24.

924 1017 978 1047 25.

918 1276 974 1308 26.

918 1536 974 1568 27.

912 1798 968 1832 28.

910 2057 966 2090 29.

907 2313 962 2346 30.

1019 235 1257 270 Chaleuxomen
1282 239 1451 271 Dominum

1015 283 1284 326 omnipotentem,
1311 297 1499 329 supernum,

1018 332 1059 364 Ut
1086 342 1265 367 mereamur
1291 334 1448 376 fulgidum

1016 381 1142 412 Intrare
1169 382 1396 417 habitaculum.

1014 495 1063 527 lbi
1090 503 1255 536 permanet
1282 502 1432 539 gaudium

1014 545 1051 576 In
1079 545 1198 577 lumine
1224 547 1408 585 viventium.

1014 593 1159 632 Sanctus,
1187 600 1316 627 sanctus
1343 598 1527 639 dicentium,

1011 640 1146 673 Sanctus
1173 642 1260 675 Deus
1288 645 1462 679 virtutium.

1012 756 1171 796 Hymnum
1201 759 1361 792 Machutis
1389 761 1484 799 beati,

1012 805 1081 836 Viri
1108 806 1138 837 in
1168 809 1291 839 cunctis
1317 810 1440 849 optimi,

1010 852 1196 895 Decantate,
1230 857 1412 897 presbyteri

1009 900 1087 932 Eius
1113 907 1143 933 et
1170 904 1278 942 plures
1305 907 1461 945 magistri.

1008 1016 1117 1056 Magni
1144 1027 1268 1057 quoque
1295 1024 1325 1050 et
1352 1022 1461 1060 pusilli

1007 1064 1042 1094 ln
1070 1067 1222 1096 memoria
1248 1068 1345 1098 animi

1008 1111 1063 1143 Uti
1090 1113 1207 1144 virtute
1234 1115 1339 1146 meriti

1007 1161 1111 1191 Patris
1139 1162 1252 1193 vestris
1280 1164 1457 1196 salvemini.

1004 1276 1164 1315 Rogamus
1184 1277 1344 1309 Christum
1368 1280 1550 1322 Dominum,

1000 1324 1131 1364 Regem,
1159 1330 1315 1359 rectorem
1344 1329 1492 1361 omnium.

1006 1372 1106 1404 Nobis
1133 1378 1166 1404 ut
1194 1379 1337 1413 praestet
1363 1378 1501 1408 solidum

1002 1421 1036 1451 In
1064 1421 1124 1452 hoc
1150 1423 1268 1454 mundo
1296 1425 1459 1460 auxilium,

1004 1536 1112 1568 Nostri
1141 1540 1242 1577 patris
1270 1549 1327 1579 per
1354 1541 1501 1572 meritum

1000 1585 1162 1617 Maeliutis
1189 1587 1435 1625 validissimum,

1000 1633 1044 1665 Ut
1071 1643 1250 1667 mereamur
1275 1637 1425 1676 gaudium

1001 1681 1169 1715 Possidere
1196 1685 1385 1724 angelicum.

998 1799 1086 1830 Haec
1113 1803 1160 1831 est
1187 1798 1268 1832 feria
1294 1802 1458 1838 sollenuis,

996 1848 1033 1880 In
1060 1857 1122 1888 qua
1147 1850 1299 1881 sacerdos
1326 1851 1453 1893 nobilis,

996 1896 1131 1928 Sanctus
1158 1898 1311 1929 Machlou
1339 1901 1483 1940 egregius

995 1944 1107 1977 Caelos
1136 1948 1322 1978 conscendit
1348 1949 1478 1982 arduos,

993 2056 1037 2088 Et
1064 2067 1120 2088 nos
1147 2067 1273 2089 armore
1302 2059 1409 2090 debite

993 2105 1156 2138 Debemus
1183 2107 1295 2138 laudes
1324 2108 1431 2139 dicere

991 2154 1137 2186 Mat-buti
1164 2160 1273 2186 nostro
1300 2158 1434 2199 auctori,

992 2203 1029 2234 In
1055 2207 1184 2243 sceptro
1211 2204 1277 2243 poli
1304 2207 1456 2240 manenti.

991 2311 1091 2347 Cuius
1118 2314 1221 2346 beatis
1249 2317 1400 2355 precibus

986 2362 1183 2395 Mundemur
1208 2373 1226 2395 a
1253 2365 1440 2405 sceleribus,

989 2412 1034 2445 Ut
1061 2421 1293 2452 consequamur
1319 2416 1466 2454 praemia

988 2459 1068 2492 Eius
1095 2461 1236 2492 colentes
1263 2463 1387 2496 merita.
