1653 2656
287 736 340 769 10.

283 977 337 1009 15.

277 1217 332 1249 20.

273 1458 329 1491 25.

268 1701 325 1734 30.

266 1945 323 1978 35.

261 2189 319 2222 40.

711 139 755 145 -
807 122 850 157 17
904 142 948 147 .-

556 213 598 245 18.
638 214 775 254 Hymnus
797 215 904 247 Trium
926 216 1108 249 Puerorum.

371 283 397 316 Ο
423 288 513 316 sator
533 286 750 327 omniparens,
777 295 811 319 es
837 288 891 328 qui
916 297 976 328 per
1001 290 1140 333 saecula,
1169 291 1318 332 clemens,

370 332 413 364 Os
437 333 529 372 aperi
555 338 710 373 nostrum,
738 345 801 376 quo
826 340 858 367 te
884 337 1052 369 laudemus
1078 339 1110 370 in
1138 348 1233 371 unum

371 379 449 412 Cum
476 381 580 414 tribus
606 386 636 414 et
662 383 771 423 pueris
797 388 943 416 sanctum
970 390 1134 418 cantemus
1159 391 1195 419 ut
1220 388 1381 428 hymnum.

371 428 571 470 Principium
596 431 714 463 nostris
737 436 772 463 tu
798 432 842 464 sis
868 441 906 464 ac
932 434 1088 466 terminus
1114 435 1196 470 odis.

333 500 339 507 .
367 477 426 516 Qui
453 478 538 517 regis
565 482 729 511 aeternum
756 480 865 512 stabili
891 482 1110 514 moderamine
1138 493 1280 524 regnum.

368 544 483 576 Omnia
509 555 592 577 nunc
618 547 776 580 elementa
802 548 874 587 Dei⁷
902 548 1083 581 benedicite
1111 551 1240 584 Christo

370 592 412 624 Et
438 595 678 633 superexaltate
705 595 807 627 Deum
834 605 892 636 per
917 598 1045 629 saecula
1072 605 1196 632 cuncta.

367 641 516 681 Angelici
545 651 616 674 cum
642 643 738 675 laude
765 644 865 685 chori,
893 643 1074 678 benedicite
1101 647 1240 686 Christo,

368 688 410 720 Et
438 690 519 721 caeli
545 691 704 722 caelorum
733 696 764 723 et
790 701 900 733 aquae,
930 693 1111 726 benedicite
1138 695 1277 728 Christo.

369 737 486 769 Omnes
512 738 648 770 virtutes
674 739 803 772 Domini
832 740 1013 774 benedicite
1042 742 1181 776 Christo,

367 785 421 816 Sol
448 790 478 817 et
505 786 592 828 luna,
619 787 713 818 simul
740 788 877 820 Domino
909 789 1090 821 benedicite
1116 792 1254 827 Christo.

368 833 411 864 Et
438 834 551 866 stellae
578 835 669 873 caeli,
697 835 835 868 Domino
860 836 1043 869 benedicite
1069 839 1208 872 Christo.

367 881 475 913 Imber
500 891 626 922 rosque,
654 883 724 914 Deo
751 885 856 916 canite
883 889 914 915 et
941 885 1121 917 benedicite
1148 887 1285 931 Christo,

367 929 508 968 Spiritus
534 933 630 970 atque
656 931 769 970 omnis,
798 931 936 964 Domino
963 932 1146 966 benedicite
1174 936 1313 969 Christo.

364 978 483 1008 Aestas
509 982 605 1017 atque
631 978 724 1018 ignis,
753 979 890 1011 Domino
916 979 1099 1012 benedicite
1127 983 1265 1015 Christo.

363 1025 490 1064 Frigus,
518 1034 639 1062 cauma,
667 1026 737 1058 Deo
764 1028 869 1059 canite
895 1032 928 1059 et
954 1027 1136 1062 benedicite
1164 1031 1302 1067 Christo,

362 1072 464 1104 Rores
488 1078 584 1112 atque
610 1074 738 1116 pruina,
767 1076 836 1108 Deo
862 1075 1052 1109 benedecite
1079 1078 1219 1113 Christo.

363 1120 480 1160 Frigus
507 1127 537 1152 et
564 1131 658 1154 omne
683 1122 766 1162 gelu,
795 1123 933 1156 Domino
960 1124 1143 1157 benedicite
1170 1127 1309 1160 Christo.

360 1168 425 1199 Nix
452 1169 644 1211 glaciesque,
672 1170 742 1202 Deo
769 1172 874 1203 canite
901 1177 931 1204 et
958 1172 1143 1205 benedicite
1171 1176 1311 1209 Christo.

362 1216 483 1249 Noctes
509 1221 604 1257 atque
624 1218 704 1257 dies,
732 1218 869 1251 Domino
896 1221 1077 1253 benedicite
1105 1222 1243 1257 Christo.

358 1264 429 1296 Lux
455 1266 550 1298 simul
577 1272 608 1297 et
635 1267 798 1309 tenebrae,
828 1267 964 1300 Domino
992 1269 1173 1302 benedicite
1199 1272 1337 1307 Christo.

359 1313 565 1354 Fulguraque
591 1319 622 1346 et
648 1315 760 1354 nubeS‚
790 1316 927 1348 Domino
954 1317 1136 1351 benedicite
1163 1320 1301 1352 Christo.

358 1361 469 1393 Omnis
495 1366 584 1394 terra
609 1362 712 1394 Deum
739 1363 911 1396 benedicat
937 1367 968 1397 in
996 1368 1103 1399 omnia
1129 1369 1245 1401 saecla.

357 1409 486 1442 Montes
512 1414 542 1442 et
570 1411 677 1453 colles,
707 1411 844 1444 Domino
870 1413 1051 1446 benedicite
1075 1415 1214 1449 Christo.

359 1457 514 1491 Germina
540 1465 654 1490 cuncta
681 1460 751 1499 soli,
778 1461 916 1493 Domino
944 1461 1125 1496 benedicite
1153 1465 1291 1498 Christo.

355 1507 397 1538 Et
424 1508 525 1539 maria
551 1511 582 1539 et
610 1506 714 1540 fontes
740 1517 777 1540 ac
802 1508 942 1551 flumina,
970 1511 1101 1550 psallite
1128 1513 1267 1545 ChristO.

355 1555 506 1595 Quaeque
531 1561 642 1588 natant
669 1557 700 1588 in
725 1558 826 1597 aquis,
855 1558 991 1590 Domino
1019 1559 1199 1592 benedicite
1227 1561 1366 1603 Christ0,

354 1604 471 1636 Omnes
498 1607 529 1635 et
555 1605 700 1636 volucres
728 1606 818 1644 caeli,
848 1606 1029 1638 benedicite
1057 1608 1196 1642 Christo.

354 1652 483 1684 Bestiae
510 1656 542 1684 et
567 1662 660 1684 omne
685 1662 794 1695 pecus,
823 1654 961 1687 Domino
988 1656 1169 1688 benedicite
1196 1659 1335 1697 Christo,

353 1703 460 1741 Atque
485 1701 648 1733 hominum
676 1703 754 1739 nati,
781 1703 920 1735 Domino
947 1704 1129 1736 benedicite
1157 1706 1295 1741 Christo.

354 1749 466 1792 Israel,
496 1749 668 1782 Dominum
696 1750 877 1783 benedicite
903 1752 934 1783 in
961 1753 1066 1785 omnia
1093 1755 1209 1788 saecla.

350 1798 423 1839 Eia,
451 1799 647 1838 sacerdotes,
676 1798 814 1831 Domino
841 1800 1022 1832 benedicite
1049 1802 1188 1844 Christo,

353 1846 496 1887 Spiritus
522 1852 619 1887 atque
645 1848 771 1879 animae
797 1848 964 1891 iustorum,
993 1850 1124 1889 psallite
1151 1851 1290 1884 Christ0.

352 1895 458 1928 Corde
484 1895 620 1927 humiles
647 1897 822 1938 sanctique,
853 1897 921 1929 Deo
945 1897 1126 1930 benedicite
1154 1899 1292 1933 Christo.

351 1944 493 1984 Anania‚
518 1945 650 1984 Maria,
678 1945 831 1985 Misahel,
861 1946 1041 1978 benedicite
1068 1947 1196 1979 Christo

350 1993 392 2025 Et
418 1993 659 2034 superexaltate
685 1993 789 2025 Deum
816 2003 875 2034 per
900 1995 1029 2027 saecula
1055 2001 1180 2027 cuncta.

348 2041 571 2074 Altitbronum
598 2046 723 2082 patrem
750 2052 820 2075 cum
848 2043 940 2084 prole
966 2048 996 2074 et
1024 2048 1194 2083 pneumate
1220 2048 1330 2076 sancto

351 2091 446 2123 Nunc
472 2090 700 2123 benedicamus
727 2091 852 2131 pariter
877 2091 1045 2123 laudemus
1073 2097 1103 2123 et
1130 2093 1220 2124 illum

349 2139 392 2172 Et
420 2140 701 2181 superexaltemus
728 2148 799 2171 eum
825 2149 886 2179 per
911 2140 1040 2172 saecula
1066 2146 1191 2180 cuncta,

346 2188 415 2220 Nos
444 2197 543 2228 super
570 2192 619 2220 est
645 2188 713 2219 eius
740 2188 890 2228 quoniam
917 2188 1080 2220 miseratio
1107 2189 1207 2220 multa

348 2236 414 2269 Nos
441 2240 473 2268 et
498 2236 539 2268 ab
564 2237 726 2277 ignivomo
752 2236 892 2267 clemens
918 2236 1079 2268 subtraxit
1106 2246 1226 2269 averno

348 2285 394 2318 Et
419 2285 494 2325 quia
521 2284 672 2326 florigero
698 2294 756 2316 sua
782 2285 927 2324 germina
953 2285 1097 2316 reddidit
1125 2285 1228 2318 horto.

350 2333 465 2366 Gloria
490 2343 619 2374 semper
644 2334 673 2365 ei
697 2337 826 2365 maneat
850 2342 911 2372 per
935 2333 1064 2365 saecula
1090 2333 1198 2365 saecli.

215 2410 386 2439 Collectan.
408 2419 461 2438 ωε.
484 2410 723 2438 Gemmeticense
745 2417 822 2436 saec.
847 2406 921 2435 ¹⁰l11.
944 2407 1013 2436 Cod.
1035 2409 1229 2446 Rotomagen.
1255 2407 1335 2438 1385.
1356 2413 1394 2444 (U
1411 2410 1477 2447 107)

137 2450 206 2478 add.
229 2458 306 2478 saec·
331 2448 376 2477 11.
398 2463 436 2469 —
457 2449 526 2484 Vgl.
547 2449 601 2477 das
622 2458 658 2476 zu
680 2449 737 2476 No.
762 2446 796 2475 17
818 2446 983 2475 Bemerkte.

196 2501 338 2528 Dreves,
357 2499 464 2529 Hymni
481 2499 597 2523 lnediti.
629 2498 693 2521 VII?
1287 2497 1304 2526 2
