1653 2656
149 250 180 280 5.

147 680 177 710 1.

145 936 176 968 μ’)

130 2451 162 2477 Β.
185 2465 219 2470 -
242 2452 303 2478 Vor
323 2451 380 2479 Str.
402 2451 418 2479 7
441 2454 599 2481 Divisio.

166 1471 174 1479 .
201 1447 351 1486 Olybn'us
377 1453 408 1478 te
434 1449 584 1488 virginem

169 1728 176 1735 .
204 1704 309 1734 Draco
336 1709 367 1735 te
393 1708 467 1735 tunc
493 1706 668 1743 absorbuit,

673 151 934 187 —230—

208 248 244 280 In
271 247 427 288 passionis
453 248 592 280 transitu

207 295 303 328 Plebs
328 296 420 327 adest
444 296 543 327 multa
567 297 696 338 gemitu,

207 343 375 384 Tyrannus
400 343 491 375 adest
518 342 656 384 fremitu,

205 391 309 422 Adest
335 391 480 423 Christus
505 392 536 423 in
564 393 660 424 exitu.

833 250 865 282 6.
892 249 958 283 Uni
983 250 1130 290 trinoque
1155 249 1267 290 gloria,

892 297 952 336 Qui
978 298 1054 336 vita,
1081 306 1165 338 spes,
1193 297 1336 336 victoria,

891 345 950 377 Cui
978 346 1048 377 laus
1074 346 1117 377 sit
1142 346 1202 377 hac
1228 345 1363 381 diecula,

897 391 1008 425 Honor
1033 402 1092 434 per
1117 398 1231 426 cuncta
1255 393 1394 424 saecula.

222 457 326 483 Dium.
358 460 385 483 et
416 457 514 491 hymn.
545 467 597 484 ms.
631 458 811 485 Benedictin.
843 460 956 486 suecia.
987 468 1063 486 saec.
1098 459 1140 486 15.
1170 459 1238 486 Cod.
1267 458 1408 494 Upsalen.
1436 457 1459 485 C

145 493 209 522 477.
231 510 266 513 ——
289 493 321 524 2,
351 494 363 521 l
387 496 453 521 Hic.
474 510 511 514 -—
533 495 590 522 cfr.
612 496 780 532 Klemming
800 497 860 529 111,
890 496 958 529 116,
984 498 1124 525 woselbst
1151 498 1203 525 das
1225 498 1297 525 Lied
1320 497 1392 531 iri-ig
1413 497 1458 523 als

147 534 287 567 Sequenz‚
309 533 356 560 die
379 534 482 568 Quelle
503 533 657 561 ffilschlich
680 535 724 561 als
745 535 868 562 Missale
889 535 1060 563 bezeichnet
1078 537 1161 564 wird.

551 617 618 648 383.
661 618 701 649 De
723 619 834 649 sancta
854 618 1045 658 Margareta.

206 678 351 709 Exsultet
378 687 438 710 vox
466 679 619 710 ecclesiae

205 726 278 756 Sion
306 726 506 766 congaudens
532 726 617 758 filiae

203 773 349 812 Agnique
375 775 628 815 tympanistriae,

204 821 409 861 Margaritae,
437 831 529 861 quam
557 822 652 854 hodie

206 868 421 909 Desponsavit
446 878 502 902 rex
527 870 656 910 gloriae.

204 935 229 967 Ο
256 939 344 966 casta
370 936 542 975 generatio,
854 939 884 970 8.

206 982 277 1014 Tali
303 983 405 1022 gaude
433 984 601 1020 consortio,

203 1029 264 1066 En,
292 1039 382 1069 quam
410 1030 488 1062 felix
515 1036 561 1062 est
587 1033 692 1071 portio

203 1077 266 1109 Ubi
293 1086 409 1117 perpes
436 1078 544 1110 fruitio

203 1125 276 1155 Erit
301 1125 368 1156 sine
395 1126 543 1157 divortio.

201 1191 399 1231 Margareta,
427 1201 543 1232 sponsa
571 1193 641 1231 Dei,
853 1196 884 1229 9.

203 1238 280 1269 Flos
308 1239 431 1270 decoris
461 1240 605 1279 virginei,

205 1285 277 1317 Non
304 1290 336 1317 te
361 1291 448 1318 artus
474 1288 637 1326 sanguinei

205 1333 273 1364 Nec
298 1338 455 1365 tormenta
481 1335 579 1365 eculei

205 1381 374 1413 Privarunt
401 1382 452 1412 via
478 1382 563 1414 fidei.

202 1494 249 1526 Ob
278 1494 398 1527 formae
424 1496 693 1535 pulchritudinem

201 1542 339 1582 Sperans
366 1543 482 1574 habere
509 1545 681 1585 coniugem,

202 1589 266 1621 Sed
290 1594 415 1629 spretus
441 1590 522 1622 fudit
549 1593 733 1631 sanguinem

201 1637 380 1668 Retrudens
406 1642 437 1669 te
460 1639 491 1669 in
520 1648 687 1671 carcerem.

204 1751 268 1783 Sed
295 1761 349 1783 cor
375 1752 438 1783 fide
464 1753 508 1784 nil
534 1755 647 1794 tepuit,

200 1799 276 1830 Mox
304 1808 397 1830 cruce
424 1799 509 1833 facta
535 1802 657 1840 crepuit

199 1847 241 1878 Et
266 1847 312 1878 sic
337 1847 408 1878 rufo
431 1848 588 1881 occubuit.

199 1894 355 1934 Sponsam
381 1905 516 1935 sponsus
543 1899 669 1936 eripuit.

199 1962 341 1994 Daemon
361 1967 433 2003 post
452 1963 530 1994 haec
550 1965 762 2004 conqueritur,

195 2009 277 2041 Dum
305 2015 401 2051 caput
427 2012 493 2042 eius
520 2012 653 2053 teritur3

195 2059 224 2089 A
252 2064 283 2090 te
309 2059 394 2098 quod
419 2060 522 2091 minus
548 2060 697 2101 laeditur,

196 2106 274 2138 Orat
299 2107 405 2146 miser,
432 2107 506 2138 dum
534 2109 688 2147 caeditur,

194 2152 247 2184 Sic
271 2163 291 2185 a
316 2159 347 2185 te
373 2155 475 2186 victus
503 2157 656 2190 creditur.

826 1452 878 1483 10.

829 1710 883 1742 11.

825 1969 879 2001 12.

856 681 887 713 7.
914 681 986 723 Eia,
1013 680 1090 712 felix
1117 682 1251 713 victoria

913 729 956 760 Et
983 729 1078 771 digne
1104 729 1278 771 meritoria,

912 777 980 816 Qua
1006 782 1210 817 peccatorum
1237 778 1341 809 scoria

913 824 1096 856 Divincitur
1121 829 1152 856 et
1177 825 1278 865 gloria

915 872 1064 904 Calcatur
1089 873 1284 906 transitoria.

912 939 1080 978 Tyrannus
1108 940 1211 980 coepit
1238 939 1345 971 furere

910 986 1023 1018 Fidem
1051 987 1155 1018 nitens
1181 987 1327 1025 obruere,

910 1034 996 1065 Face
1023 1039 1053 1065 te
1080 1035 1173 1066 iussit
1199 1044 1303 1076 urere,

911 1082 1013 1114 Cruor
1038 1092 1098 1113 non
1127 1087 1230 1114 cessat
1255 1082 1354 1114 fluere

912 1129 1024 1160 Fidem
1051 1131 1137 1161 nisus
1163 1135 1317 1162 astruere.

912 1195 1046 1227 Demum
1073 1202 1221 1228 cruentus
1248 1203 1401 1238 properat

911 1243 1037 1280 Tortor,
1064 1251 1099 1276 ut
1125 1249 1258 1276 mortem
1284 1245 1412 1285 inferat,

908 1292 1032 1330 Aquam
1059 1293 1225 1331 poenalem
1251 1299 1436 1334 praeparat,

909 1338 982 1380 Sed,
1012 1341 1084 1370 dum
1110 1349 1169 1371 nec
1195 1341 1241 1372 sic
1265 1347 1295 1374 te
1313 1346 1454 1385 superat,

907 1386 952 1417 Te
979 1387 1131 1418 decollari
1157 1389 1306 1429 imperat.

906 1453 1052 1484 Virorum
1079 1455 1215 1494 quinque
1242 1456 1329 1487 milia

907 1501 995 1531 Haec
1022 1506 1155 1533 cernunt
1181 1503 1354 1543 mirabilia,

906 1548 982 1579 Mox
1009 1549 1169 1591 abnegant
1195 1552 1368 1591 sculptilia,

906 1596 947 1627 Et
974 1597 1019 1627 sic
1045 1598 1165 1630 Christi
1191 1598 1314 1631 familia

908 1643 983 1675 Fert
1009 1650 1167 1678 tormenta
1192 1647 1318 1679 similia.

912 1711 1068 1742 Yirtutum
1096 1723 1152 1745 vas
1179 1715 1339 1753 eximium,

908 1757 1000 1790 Nunc
1033 1770 1102 1791 cum
1129 1762 1265 1794 catervis
1291 1764 1450 1803 virginum

910 1806 999 1846 Roga
1025 1818 1083 1847 pro
1110 1809 1200 1841 nobis
1226 1810 1408 1851 Dominum,

908 1853 951 1885 Ut
969 1860 1040 1893 post
1059 1856 1141 1888 hunc
1161 1859 1265 1889 carnis
1280 1861 1451 1892 terminum

908 1902 1038 1934 Veniam
1064 1905 1160 1936 donet
1187 1906 1362 1941 criminum.

908 1969 956 2001 Sit
981 1969 1050 2001 laus
1077 1972 1162 2010 patri
1188 1983 1259 2004 cum
1285 1973 1360 2012 filio,

906 2015 1022 2048 Sancto
1048 2019 1141 2050 simul
1166 2022 1336 2061 paraclito,

905 2065 964 2103 Qui
989 2069 1020 2096 te
1048 2067 1087 2097 de
1113 2067 1172 2099 hoc
1200 2070 1313 2101 exsilio

905 2112 970 2144 Ceu
995 2123 1099 2145 rosam
1128 2114 1239 2148 fultam
1266 2118 1333 2150 lilio

907 2159 1043 2192 Caelesti
1068 2164 1152 2194 vexit
1179 2166 1269 2198 solio.

210 2219 333 2255 Antiph.
364 2229 416 2247 ms.
444 2221 473 2248 S.
496 2221 627 2249 Coronae
656 2231 730 2249 saec.
760 2221 801 2250 13.
831 2224 900 2251 Cod.
922 2225 1045 2261 Pragen.
1067 2229 1125 2256 XII
1147 2229 1168 2257 C
1196 2229 1248 2258 7a.
1275 2233 1341 2260 add.
1373 2243 1450 2262 saec.

135 2256 169 2284 14
190 2258 223 2284 A.
245 2272 282 2276 —
304 2260 410 2293 Hymn.
438 2268 490 2286 ms.
523 2262 647 2287 Sanctae
678 2261 812 2289 Coronae
838 2271 913 2290 saec.
948 2263 989 2291 14.
1012 2266 1072 2293 Cod
1091 2268 1214 2304 Pragen.
1237 2271 1251 2298 I
1272 2271 1297 2299 G
1321 2271 1364 2299 17.
1385 2274 1450 2301 add.

132 2305 207 2323 saec.
231 2295 273 2323 15.
296 2298 328 2324 B.
349 2311 385 2316 ·—
404 2297 428 2330 1,
449 2297 467 2325 5
489 2298 553 2326 Sibi
574 2299 732 2334 desponsat
753 2309 802 2328 rex
818 2302 873 2328 ΑΒ.
894 2316 932 2320 -
951 2302 978 2337 3,
999 2302 1016 2331 3
1037 2309 1063 2332 te
1086 2309 1175 2334 armis
1191 2312 1348 2345 sanguinei
1363 2314 1396 2339 Α.
1414 2328 1451 2332 —

131 2333 158 2365 4,
189 2334 206 2361 5
231 2335 282 2362 der
313 2337 396 2363 Reim
426 2338 465 2363 ist
492 2339 603 2364 unreiu.
626 2351 661 2356 —
683 2337 713 2365 6.
742 2338 759 2366 5
786 2337 825 2366 Et
852 2342 895 2367 sic
921 2349 938 2367 a
963 2345 990 2368 te
1017 2345 1111 2371 victus
1132 2346 1193 2374 AB.
1215 2363 1251 2368 —
1273 2347 1304 2381 8,
1330 2348 1348 2377 3
1370 2352 1449 2387 Paci,

132 2373 242 2400 radiert
270 2375 307 2407 B,
340 2375 549 2411 ursprfinglich
581 2376 656 2403 wohl
678 2377 765 2404 Facie
795 2381 867 2406 statt
886 2380 971 2407 Face.
993 2396 1028 2400 —-
1054 2382 1102 2415 10,
1131 2384 1148 2411 5
1171 2385 1277 2414 Suffert
1304 2392 1451 2418 tormenta

131 2412 241 2439 similia
263 2414 320 2440 AB.
344 2428 378 2432 —
405 2412 447 2445 10,
470 2413 487 2441 2
507 2414 559 2441 der
577 2415 662 2442 Reim
683 2423 700 2442 a
763 2417 769 2422 '

930 2446 1086 2531 [mag—154(

644 2490 1142 2656 §bist

627 2615 650 2626 a>
800 2610 952 2634 οοιιεσε
1031 2622 1071 2654 s
1079 2607 1138 2654 A?

1046 2422 1084 2448 'n.
1105 2438 1143 2442 —
1166 2423 1209 2456 10,
1231 2424 1249 2452 4
1272 2428 1331 2454 Seu
1351 2437 1451 2456 rosam
