1653 2656
724 150 958 185 ..54-

590 293 636 323 83.
678 292 711 323 ln
733 289 948 330 compassione
970 287 1059 318 mlv.

671 361 721 388 Ad
751 361 988 388 Nocturnum.

174 454 203 485 1.
231 453 350 491 Pange,
377 451 496 491 lingua,
525 450 682 489 gloriosae
859 448 889 479 3.
917 446 942 477 Ο
969 453 1024 476 vos
1051 452 1171 482 omnes,
1197 444 1251 483 qui
1277 443 1422 475 transitis

280 499 413 539 virginis
439 497 615 537 angustiam
966 501 1024 532 per
1050 492 1132 523 viam
1160 491 1251 522 huius
1277 491 1406 526 saeculi,

232 548 460 585 Lacrimasque
486 544 684 576 venerandas
917 540 1103 572 Attendatis
1129 539 1338 570 subsistentes

280 599 311 625 et
338 594 442 624 cordis
468 593 669 632 maestitiam,
966 588 1096 618 inermis
1122 586 1311 627 pauperculi

232 643 315 680 Quas
342 641 443 672 eidem
468 641 539 679 ipsa
565 648 678 679 passus
920 636 1078 675 Regisque
1103 635 1187 666 latus
1215 638 1379 666 cruentum

280 690 373 721 vertit
402 690 433 719 in
460 688 627 719 laetitiam.
967 683 1031 714 ictu
1057 683 1144 715 saevi
1169 683 1276 714 iaculi.

200 811 206 817 .
235 784 372 815 Verbum
398 783 499 814 sancti
527 782 682 814 Simeonis
862 781 892 811 4.
921 779 1028 810 Mater
1053 779 1160 817 sentit,
1187 777 1275 821 quod
1301 786 1364 809 non
1390 777 1489 809 sentit

281 832 478 863 commendat
506 830 688 866 memoriae,
971 836 1044 858 caro
1070 827 1132 858 iam
1159 826 1327 865 exanimis,

234 880 361 920 Signum
390 878 652 909 contradictionis
923 873 1048 907 Vulnus
1073 875 1184 906 lateris
1209 874 1368 905 manantis

283 927 350 958 fore
377 936 483 966 regem
510 926 640 966 gloriae,
971 924 1087 954 undam
1114 927 1209 962 atque
1234 921 1416 961 sanguinem

236 975 385 1007 Gladium
411 974 638 1013 transfixionis,
924 971 1162 1010 Lavacrumque
1188 971 1299 1001 lavans
1326 969 1477 1000 mundum

281 1023 365 1062 quod
391 1022 541 1061 impletur
567 1021 672 1053 hodie.
969 1019 1071 1049 instar
1096 1019 1161 1049 vivi
1186 1017 1334 1048 fluminis.

528 1119 559 1148 5.
588 1116 732 1148 Gloriam
758 1114 842 1154 patri
870 1113 1004 1144 melodis

639 1171 845 1203 personemus
873 1161 1014 1199 vocibus,

596 1211 736 1242 Gloriam
765 1210 890 1241 Christo
917 1218 1078 1249 canamus,

635 1259 766 1298 glorium
794 1257 950 1296 paraclito

595 1307 630 1338 In
658 1306 811 1337 transfixo
837 1304 984 1344 virginali

638 1354 733 1384 corde
760 1352 879 1386 Christi
905 1352 1022 1391 gladio.

256 1450 357 1485 Propr.
380 1458 434 1475 ms.
459 1449 697 1475 Conimbricense
718 1455 793 1473 saec.
815 1444 889 1480 ¹⁶l17.
911 1446 979 1472 Cod.
1002 1446 1136 1471 Vatican.
1160 1443 1246 1471 6263.

605 1578 653 1608 8⁴.
695 1578 727 1608 ln
749 1576 964 1617 compassione
988 1576 1074 1606 BMV.

720 1647 770 1673 Ad
798 1645 952 1673 Laudes.

206 1762 213 1769 .
240 1737 265 1768 O
292 1736 463 1767 lacrimosa
490 1735 630 1770 domina,
871 1734 900 1764 3.
929 1733 977 1763 Tu
1003 1733 1087 1772 regis
1113 1733 1169 1763 alti
1195 1733 1301 1770 ianua,

240 1784 380 1816 Excelsa
407 1792 503 1822 super
527 1782 645 1824 sidera,
928 1781 1006 1812 Cum
1034 1785 1194 1811 reseratur
1219 1781 1341 1814 lancea.

240 1833 326 1872 Quae
352 1831 508 1862 moriente
532 1830 598 1861 filio
929 1829 1082 1860 Levando
1108 1827 1220 1860 flentes
1245 1829 1354 1860 oculos

241 1880 348 1912 Palles
375 1878 495 1910 doloris
522 1877 640 1918 gladio.
929 1876 1061 1908 Intrasti
1088 1877 1191 1915 prima
1213 1877 1338 1909 merito.

208 2003 214 2009 .
243 1975 333 2014 Quod
360 1974 431 2006 Eva
456 1973 557 2004 tristis
584 1973 726 2014 abstulit,
873 1974 904 2004 4.
931 1972 1046 2013 Maria,
1074 1977 1176 2003 mater
1201 1973 1334 2013 gratiae,

243 2024 291 2055 Tu
319 2023 430 2054 reddis
457 2022 540 2053 almo
567 2021 718 2061 germine,
932 2019 1042 2051 Cultro
1068 2025 1196 2053 sanctae
1222 2022 1401 2054 maestitiae

243 2072 319 2111 Ipsa
346 2070 481 2112 deglutit
507 2069 640 2108 scelere,
931 2068 980 2099 Tu
1006 2077 1062 2099 nos
1089 2068 1128 2100 ab
1155 2069 1246 2100 hoste
1271 2074 1404 2109 protege

243 2119 292 2151 Tu
315 2120 383 2150 sine
410 2119 504 2157 culpa
531 2117 661 2157 pateris.
931 2116 973 2147 Et
1000 2116 1078 2148 hora
1103 2117 1214 2148 mortis
1241 2118 1378 2158 suscipe.

520 2216 551 2246 5.
579 2213 689 2245 Gloria
715 2212 784 2253 tibi,
810 2211 954 2253 Domine,

575 2260 736 2293 Defuncto
762 2269 868 2291 coram
895 2260 1028 2300 virgine,

578 2309 654 2341 Cum
682 2312 774 2348 patre
800 2311 831 2339 et
857 2312 966 2339 sancto
992 2308 1108 2348 spiritu

577 2358 612 2390 In
639 2358 834 2397 sempiterna
859 2356 996 2388 saecula.

263 2456 365 2490 Propr.
385 2463 438 2481 ms.
461 2454 700 2481 Conimbricense
721 2461 796 2479 saec.
819 2449 893 2478 ¹⁶l17.
916 2451 986 2478 Cod.
1008 2451 1143 2478 Vatican.
1164 2450 1248 2479 6283.
