1653 2656
701 134 962 170 -183—

158 232 190 264 3.
219 231 333 263 Olivae
358 231 453 265 binae
479 233 594 266 unicae

222 279 356 312 Pietatis
383 285 416 312 et
441 282 576 324 gratiae,

220 328 366 368 Iungatis
392 339 452 362 nos
477 331 644 371 angelicae

221 376 307 409 Sorti
335 378 486 411 caelestis
513 379 633 412 curiae.

159 483 192 514 4.
220 482 246 515 Ο
276 482 364 514 clara
390 483 562 516 luminaria

218 530 256 562 In
284 530 486 564 firmamento
513 533 630 573 posita,

219 578 264 611 Ut
291 579 351 617 sol,
378 580 455 612 luna
478 581 640 623 micantia,

219 627 337 659 Vestra
363 637 421 660 nos
447 629 557 660 iuvent
584 629 709 661 merita.

237 733 348 767 Hymn.
371 742 424 759 ηις.
447 735 476 760 S.
501 733 580 760 Petri
602 735 689 761 Mart.
713 733 834 760 Utinen.

857 236 888 265 5.
917 232 1125 274 Quaesumus,
1153 235 1268 264 auctor
1291 232 1443 272 omnium,

918 282 956 314 In
982 281 1043 312 hoc
1069 281 1214 320 paschali
1241 280 1361 321 gaudio

918 329 971 362 Ad
998 329 1079 361 caeli
1106 329 1202 361 ducat
1229 329 1380 370 gaudium

919 378 987 410 Nos
1015 377 1127 409 horum
1152 378 1352 411 intercessio

883 508 890 516 .
919 482 1032 515 Gloria
1055 483 1125 521 tibi,
1152 483 1299 525 Domine,

918 531 977 570 Qui
1004 532 1175 563 surrexisti
1202 542 1220 563 a
1246 532 1391 572 mortuis,

918 580 979 612 Pro
1004 583 1058 611 tuo
1085 589 1196 619 passos
1223 580 1349 611 nomine

916 628 1009 660 Ditas
1036 629 1174 659 aeternis
1200 628 1365 668 praemiis.

857 741 931 759 saeC.
960 730 1002 759 16.
1025 733 1095 760 Cod.
1111 733 1203 760 Civit.
1219 733 1340 760 Utinen.
1364 743 1385 760 s.
1410 742 1438 760 n.
1456 747 1493 752 —

160 769 184 803 1,
206 769 225 798 4
246 770 371 798 lumina.
393 786 430 789 —
451 772 525 799 Mel:
548 773 706 809 Magnae
735 771 814 798 dies
843 771 1034 798 laetitiae.

600 952 665 983 315.
705 952 747 983 Dc
769 959 810 982 ss.
831 950 1063 982 Innocentibus.

159 1053 192 1085 1.
219 1052 410 1084 Bethlehem
437 1053 534 1084 tellus
561 1052 688 1093 emicat⁷

222 1100 355 1132 Caelum
383 1101 546 1132 resultans
574 1100 710 1137 intonat,

219 1149 326 1181 Pollet
353 1149 451 1180 decus
478 1149 633 1180 ecclesiae

217 1196 382 1230 Infautum
409 1206 549 1229 vernans
575 1196 741 1237 sanguine.

155 1305 187 1338 2.
216 1304 253 1335 In
280 1309 384 1336 morte
405 1304 571 1336 Christum
590 1302 792 1343 praedicant,

216 1352 253 1384 In
280 1352 348 1384 vita
373 1352 461 1392 quod
487 1352 711 1392 nequiverant,

216 1400 298 1432 Sunt
324 1405 487 1441 martyres
513 1409 572 1440 per
599 1400 737 1440 gratiam

214 1449 287 1481 Non
312 1449 381 1481 ulla
406 1452 544 1491 propter
570 1449 697 1482 merita.

859 1053 890 1084 3.
921 1052 1049 1091 Vivunt⁷
1077 1056 1212 1091 regnant
1239 1050 1391 1087 feliciter.

918 1099 1069 1131 Laudant
1095 1099 1197 1130 Deum
1225 1100 1431 1131 concorditer

919 1147 1066 1179 Clamant
1091 1147 1215 1188 piisque
1242 1146 1373 1179 fletibus

917 1195 1062 1227 Necdum
1091 1196 1235 1227 valentes
1263 1196 1404 1228 vocibus.

880 1327 887 1334 .
916 1302 1010 1332 Prius
1038 1302 1238 1341 triumphant
1265 1302 1429 1341 sanguine,

917 1352 1018 1388 Quam
1047 1351 1142 1381 detur
1165 1351 1230 1381 illis
1260 1350 1382 1385 vivere,

916 1397 1083 1430 Scandunt
1112 1399 1193 1429 caeli
1220 1398 1353 1438 fastigia

915 1446 959 1478 Et
985 1456 1067 1478 nova
1094 1450 1225 1478 cantant
1252 1447 1389 1479 cantica.

563 1558 591 1588 5.
620 1553 734 1586 Gloria
761 1552 832 1591 tibi,
859 1552 1008 1586 Domine.

232 1661 300 1688 Ant.
328 1664 357 1688 et
385 1661 424 1696 hy
426 1669 486 1687 mn.
520 1669 572 1686 ms
602 1660 745 1687 Scarense
772 1666 848 1684 saec.
874 1656 934 1694 [14.
964 1656 1002 1694 et]
1033 1657 1076 1685 15.
1106 1659 1176 1686 eod.
1208 1659 1351 1695 Upsalen.
1374 1660 1396 1688 C
1424 1658 1491 1687 422.

154 1701 191 1727 A.
213 1715 250 1718 —
272 1701 360 1727 Brev.
383 1699 600 1727 Rosehildense
628 1700 698 1734 imp.
720 1697 846 1724 Parisiis
879 1696 961 1724 1517.
983 1699 1017 1725 B.
1040 1712 1076 1716 —
1101 1696 1130 1730 1
1156 1697 1175 1725 4
1196 1699 1346 1725 Infantum
1369 1708 1491 1726 servans

154 1747 208 1766 san
252 1740 332 1766 inem
355 1740 386 1766 B.
409 1753 446 1757 —
469 1737 495 1767 ὀ,
520 1736 538 1765 3
559 1739 617 1774 piis
639 1746 704 1764 cum
725 1736 844 1763 fletibus
867 1737 901 1764 B
926 1751 961 1755 —
984 1736 1010 1768 4
1036 1736 1048 1764 1
1072 1737 1172 1764 Primo
1194 1737 1378 1773 triumphant
1399 1739 1432 1765 B.
1455 1753 1492 1757 ——

243 1778 308 1812 Quo
331 1777 417 1805 detur
438 1778 470 1805 B.
494 1793 530 1796 —
551 1776 579 1808 4,
602 1775 619 1803 4
642 1778 763 1803 cantent
785 1775 816 1801 B.
838 1791 876 1794 —
897 1776 954 1812 Vgl
987 1776 1157 1812 Klemming
1178 1777 1232 1809 III,
1256 1775 1301 1803 77.

610 1960 670 1991 316.
712 1959 755 1990 De
778 1961 888 1990 sancto
911 1959 1034 1991 Indoco.

154 2063 188 2095 1.
214 2062 267 2094 Ad
295 2062 409 2094 laudes
436 2062 522 2102 regis
548 2061 654 2093 incliti

214 2112 398 2151 pangamus
425 2110 578 2150 hymnum
605 2110 684 2142 socii

215 2160 379 2200 Festaque
405 2160 511 2191 sancti
537 2159 650 2191 Iudoci

214 2208 328 2240 Mente
355 2207 497 2240 colamus
523 2207 676 2248 supplici.

152 2317 184 2348 2.
213 2315 274 2354 Qui
301 2318 396 2354 patre
422 2321 499 2354 rege
525 2313 662 2353 genitus,

213 2366 242 2396 A
269 2371 394 2395 summo
421 2361 492 2394 Deo
519 2361 661 2402 deditus,

214 2412 409 2451 Contempto
436 2409 517 2442 flore
543 2409 637 2442 arido

211 2461 296 2492 Voto
325 2458 473 2492 fervebat
498 2457 626 2491 florido.

858 2062 889 2093 3.
919 2060 1062 2099 Regnum
1090 2068 1226 2099 namque
1255 2059 1444 2091 Britanniae

916 2110 947 2140 A
974 2107 1076 2139 fratre
1102 2108 1207 2139 iussus
1234 2116 1345 2148 regere

914 2157 985 2188 Hoc
1010 2160 1121 2196 spreto
1147 2156 1312 2188 solitariae

917 2205 1012 2236 Vitae
1038 2214 1071 2236 se
1098 2205 1203 2245 coepit
1230 2204 1373 2238 tradere.

878 2337 885 2343 .
915 2311 1080 2344 Virtutum
1106 2319 1166 2350 per
1191 2310 1334 2351 insignia

913 2360 1065 2392 Tendens
1087 2360 1130 2391 ad
1157 2369 1281 2391 summa
1305 2360 1421 2394 merita

915 2408 1053 2441 Abiecta
1080 2408 1186 2440 carnis
1213 2408 1340 2441 sarcina

915 2457 968 2489 Ad
995 2457 1099 2490 Deum
1126 2457 1213 2489 redit
1238 2457 1357 2492 anima.
