1653 2656
742 157 788 162 —
841 135 1003 170 194—

626 291 692 322 326.
733 289 775 319 De
797 296 820 318 s.
841 286 978 318 Iohanne
1001 284 1121 323 Evang.

722 368 773 395 Ad
800 366 1035 394 Matutinum.

219 475 248 507 1,
277 472 449 505 Sublimem
476 470 520 501 tui
547 469 678 509 gloriam
927 465 959 496 6.
990 463 1069 494 Prae
1095 461 1217 492 cunctis
1249 464 1281 491 te
1307 458 1475 499 discipulis

276 520 425 551 Volentes
451 518 502 558 pie
528 524 676 556 pangere,
991 510 1091 541 Valde
1118 508 1232 541 dilexit
1259 507 1415 540 Dominus

277 568 444 605 lohannes,
471 565 532 597 Dei
557 564 692 604 gratiam
986 558 1030 590 Et
1055 557 1123 588 eius
1148 565 1276 596 semper
1303 556 1405 589 oculis

275 616 427 655 Optamus
453 617 507 644 tuo
538 620 678 643 munere.
987 606 1033 638 Te
1060 605 1194 645 respicit
1221 613 1305 636 nunc
1331 603 1517 637 comminus,

221 723 252 754 2.
279 721 327 752 Tu
352 719 483 750 multum
510 727 543 749 es
569 716 741 748 laudabilis
932 713 962 745 7.
990 711 1067 744 Iairi
1093 712 1181 743 Iesus
1205 709 1304 742 filiam

276 769 375 801 Coetu
403 772 587 798 cunctarum
614 764 764 805 gentium.
988 760 1169 800 Resurgere
1196 759 1270 790 dum
1298 757 1408 798 voluit,

276 816 320 848 Es
348 824 419 846 nam
445 814 593 846 sobrinus
619 812 735 844 nobilis
989 807 1039 839 Ibi
1065 813 1151 839 tuam
1176 806 1390 847 praesentiam

278 864 358 904 lesu,
387 862 518 894 factoris
545 861 695 892 omnium.
988 856 1034 887 Te
1061 855 1197 895 diligens
1223 853 1382 887 adhibuit.

225 970 256 1001 3.
284 968 422 1007 Liquisti
448 971 581 1008 patrem,
609 965 690 996 retia
932 962 965 994 8.
992 961 1045 992 Sic
1070 961 1157 991 zelus
1183 959 1244 991 Dei
1270 958 1393 990 ferveat

278 1015 321 1047 Et
347 1015 450 1046 navim
478 1015 574 1045 maris
601 1011 761 1049 fluctibus,
992 1009 1131 1046 Nostris,
1157 1007 1326 1047 Iohannes⁷
1357 1006 1489 1043 intimis,

281 1064 421 1102 Sequens
447 1064 520 1094 Iesu
546 1060 691 1101 vestigia,
970 1059 971 1062 ’
993 1057 1083 1095 Quod
1110 1055 1201 1087 nobis
1228 1064 1356 1094 semper
1379 1053 1477 1085 libeat

282 1111 437 1142 Vocantis
464 1114 505 1145 te,
532 1109 563 1139 in
591 1107 747 1139 omnibus.
995 1104 1123 1135 Nostris
1150 1102 1259 1135 favere
1284 1102 1448 1142 proximis.

222 1218 255 1249 4.
281 1215 412 1247 Electus
440 1219 473 1245 tu
499 1223 518 1245 a
543 1213 678 1244 Domino
936 1210 967 1241 9.
992 1209 1036 1240 Et
1062 1210 1134 1240 Iesu
1166 1208 1268 1239 dulcis
1294 1208 1397 1247 pietas

285 1263 320 1294 ln
346 1271 457 1293 aevum
486 1261 573 1300 virgo
599 1268 777 1300 permanes,
996 1257 1092 1297 Spem
1118 1255 1210 1287 nobis
1236 1255 1283 1286 sic
1307 1255 1475 1295 adaugeat,

286 1311 366 1341 Nam
394 1309 574 1348 nuptiarum
600 1308 736 1338 termino
996 1304 1039 1336 Ut
1066 1304 1155 1335 nulla
1180 1312 1237 1334 nos
1266 1303 1420 1343 tepiditas

285 1358 332 1388 'l'u
359 1358 426 1388 sine
451 1365 567 1396 sponsa
594 1363 747 1386 remanes.
994 1354 1024 1384 A
1051 1352 1138 1383 cultu
1164 1351 1224 1383 Dei
1250 1351 1406 1382 retrahat.

230 1465 260 1494 5.
290 1462 406 1493 Vidisti
434 1462 505 1492 Iesu
532 1461 644 1493 faciem
914 1459 968 1491 10.
996 1458 1096 1498 Patri,
1124 1463 1208 1493 nato,
1237 1457 1394 1497 paraclito

288 1511 324 1542 ln
351 1510 434 1540 sacri
461 1510 576 1541 montis
603 1508 740 1539 culmine
995 1506 1129 1545 Semper
1154 1505 1327 1536 reddamus
1353 1505 1500 1544 gloriam,

287 1557 357 1588 Non
384 1556 457 1595 fide,
488 1556 544 1587 sed
571 1565 628 1595 per
653 1556 801 1595 speciem,
996 1553 1104 1585 Sancti
1132 1553 1283 1584 Iohannis
1309 1553 1423 1583 merito

286 1605 444 1636 Vestitam
473 1605 546 1636 divo
573 1604 700 1635 lumine.
995 1603 1154 1633 Intremus
1181 1601 1260 1632 caeli
1289 1601 1421 1632 curiam.

305 1708 440 1735 Officium
463 1717 570 1734 novum
597 1708 674 1734 beati
697 1707 837 1734 lobannis
860 1707 927 1742 imp.
953 1707 1104 1733 Bononiae
1130 1704 1212 1732 1525:

641 1868 706 1898 327.
742 1868 783 1898 De
805 1876 829 1898 s.
852 1867 986 1898 Iohanne
1010 1867 1129 1907 Evang.

770 1946 819 1973 Ad
847 1945 1003 1973 Laudes.

235 2048 265 2080 1.
291 2047 316 2079 Ο
343 2047 444 2087 gratia
471 2055 564 2086 quam
591 2045 738 2083 maxima,
919 2045 950 2077 3.
977 2043 1056 2075 Cum
1083 2053 1180 2084 supra
1207 2044 1278 2075 Iesu
1308 2036 1439 2084 pectore

290 2096 389 2134 Quam
416 2094 474 2125 tibi
502 2095 590 2126 lesus
617 2093 754 2126 dulciter
979 2091 1165 2123 Recubuisti
1191 2092 1374 2132 lacrimans,

292 2144 328 2174 ln
355 2151 433 2174 cena
459 2142 535 2173 fecit
556 2141 668 2173 ultima
980 2139 1029 2171 De
1060 2139 1134 2171 falsi
1160 2140 1260 2172 Iudae
1287 2141 1409 2172 scelere

291 2190 336 2221 Te
363 2200 472 2221 amans
498 2194 562 2221 tam
588 2189 739 2221 suaviter.
980 2187 1057 2219 Cum
1083 2187 1199 2228 grandi
1225 2197 1327 2228 poena
1358 2189 1512 2231 cogitans,

235 2297 265 2328 2.
293 2296 423 2328 Secreta
451 2305 522 2327 nam
549 2295 700 2327 caelestia
926 2300 958 2326 4.
988 2295 1074 2325 lesus
1100 2303 1193 2333 quam
1220 2294 1313 2325 dulce
1343 2294 1466 2327 basium

294 2344 367 2376 Tibi
395 2344 587 2376 monstravit
610 2343 748 2382 trinitas,
985 2341 1096 2374 lnfixit
1122 2342 1184 2374 tuis
1211 2342 1317 2382 labiis,

297 2393 383 2432 Quae
409 2392 489 2424 nulli
516 2390 592 2423 fecit
618 2391 740 2432 pervia,
984 2390 1176 2432 Deplorans,
1202 2391 1273 2428 heu,
1306 2391 1437 2423 nimium

298 2442 381 2480 Quos
408 2440 518 2472 habuit
543 2440 729 2480 antiquitas,
984 2439 1052 2471 Iam
1079 2448 1112 2470 se
1139 2439 1272 2471 daturus
1295 2440 1413 2480 impiis.
