1653 2656
672 155 937 190 —123—

507 245 537 278 7.
563 245 676 281 Gloria
701 250 754 294 sit,
781 253 854 286 Iesu
881 255 972 297 bone,

612 296 685 329 Tibi
711 308 796 332 nunc
822 305 853 333 et
878 303 1006 348 iugiter,

562 343 622 383 Qui
649 350 809 381 certantes
836 351 869 382 in
894 361 995 392 agone

610 394 756 427 Adiuvas
784 397 925 431 fideliter

559 439 602 471 Et
629 444 809 477 mercedem
838 447 895 479 das
922 458 1059 483 coronac

609 489 757 524 Vincenti
785 494 933 529 viriliter.

208 561 292 588 Brev.
315 572 368 591 ms.
391 568 420 593 S.
437 568 569 598 Floriani
592 582 668 601 saec.
695 575 737 604 12.
755 574 795 613 [et
815 578 870 615 14].
886 583 956 610 (jod.
979 583 1106 613 Florian.
1132 589 1184 620 XI,
1207 588 1271 618 384.
1295 592 1360 619 add.
1388 603 1463 622 saec.

132 595 175 625 15.
197 613 233 618 -
257 601 342 628 Brev.
366 613 418 631 ms.
441 606 471 633 S.
494 608 627 639 Floriani
650 623 726 642 saec.
752 615 794 643 13.
820 618 889 649 Cud,
913 622 1041 667 Florian.
1064 626 1114 668 31,
1137 626 1203 654 477.
1227 630 1292 678 add.
1318 640 1392 659 saec.
1418 631 1461 659 14.

130 713 185 749 vgl.
212 716 284 743 aber
311 717 368 746 den
397 721 712 761 Kamai-ineuhymnus
743 733 987 765 Katharinae
1016 741 1291 771 collaudemus.
1322 762 1357 765 —
1387 747 1412 779 ⁶2,
1442 748 1460 776 4

126 753 266 782 Famatur
292 757 380 785 BUD.
403 773 439 778 —
461 760 487 793 2,
510 762 527 789 5
558 765 739 796 Insultantes
761 776 863 805 gentes
886 775 919 800 A.
942 791 979 794 —
1001 776 1026 811 3,
1049 778 1066 805 5
1088 781 1255 816 Expeditur
1275 786 1308 811 A.
1334 801 1368 804 —
1391 785 1416 819 3,
1442 786 1458 814 6

125 791 214 819 Retro
237 794 340 822 clausa
361 797 476 826 AssCD.
502 816 532 819 —
559 802 584 835 6,
607 803 624 831 6
646 810 674 832 et
695 808 777 836 fehlt.
802 827 835 830 -
859 813 915 840 Mit
940 815 1005 842 (lem
1027 817 1160 854 Anfango
1183 821 1271 849 Fulta
1292 824 1347 850 title
1369 824 1406 855 (2,
1434 825 1457 855 li

125 830 198 857 auch
220 833 251 858 in
273 834 355 861 Orat.
379 846 431 863 ms.
457 840 486 866 S.
507 841 586 868 Petri
605 844 808 881 salislmrgen.
825 858 899 877 saec.
926 852 968 880 15.
985 855 1052 882 (jod.
1077 857 1186 885 Petrin.
1209 870 1226 886 a
1248 861 1298 894 IV,
1322 862 1374 895 39ς
1398 865 1455 892 alle

125 869 272 905 Strophen
295 873 325 900 in
347 873 463 904 direkte
486 878 602 908 Ante-tle
623 888 759 912 versetzt.
810 888 874 923 Vgl.
898 892 972 918 auch
997 894 1081 920 Anal.
1104 896 1245 925 XXXIII.
1270 899 1313 927 73.

559 1031 625 1064 208.
671 1035 712 1066 De
733 1040 843 1069 sancto
866 1040 1010 1073 Drausio.

120 1111 153 1143 1.
178 1112 332 1146 Exsultet
358 1116 421 1148 iam
450 1118 595 1152 fidelium
821 1130 851 1162 3.
880 1131 967 1162 Audi
996 1143 1089 1166 voces
1116 1137 1320 1172 clamantium

178 1160 303 1194 Devota
330 1164 424 1203 plebs
451 1170 637 1209 astantium,
878 1178 921 1210 Et
948 1184 979 1211 te
1006 1185 1134 1221 praesul
1162 1190 1341 1226 rogantium

174 1208 304 1242 Laudes
332 1212 462 1246 Christo
491 1219 673 1251 canentium
878 1227 1066 1269 Precesque,
1097 1232 1225 1274 Dmusi,
1250 1239 1378 1280 suscipe

175 1258 238 1290 Per
263 1261 368 1299 patris
395 1262 490 1296 huius
517 1267 678 1301 meritum.
874 1275 927 1313 Et,
955 1286 1036 1316 quae
1063 1289 1243 1321 precamur,
1270 1296 1384 1322 annue.

114 1345 145 1376 2.
172 1345 254 1385 Ave,
283 1351 377 1387 pater
403 1351 617 1394 sanctissime,
813 1362 845 1391 4.
874 1361 1021 1402 Oramus,
1049 1365 1137 1398 Deus
1165 1371 1316 1412 omnium,

172 1393 278 1436 Salve,
308 1400 422 1436 pastor
450 1399 652 1443 dignissime,
871 1410 1008 1443 Assume
1032 1423 1088 1446 nos
1115 1425 1174 1455 per
1200 1418 1372 1453 Drausium

168 1441 211 1473 Et
237 1452 368 1484 gregem
394 1450 483 1479 tuum
510 1454 645 1491 protege
871 1458 1008 1491 Orantes
1035 1465 1066 1493 te
1092 1473 1151 1503 per
1177 1466 1276 1499 tilium

168 1490 221 1522 Ab
249 1491 359 1525 hostili
387 1497 573 1531 certamine.
871 1506 1128 1549 Conregnantem
1158 1524 1216 1553 per
1242 1519 1414 1554 saeculum.

182 1576 270 1604 Brev.
293 1579 439 1608 Coenobii
462 1584 491 1609 S.
514 1584 628 1613 Mariae
643 1586 868 1618 Su‹›ssi011ensis
891 1594 959 1629 imp.
982 1595 1107 1624 Parisiis
1133 1597 1214 1628 1533.
1238 1617 1274 1620 —
1296 1603 1320 1633 4.
1345 1604 1362 1632 2
1387 1616 1441 1634 nos

103 1613 182 1642 fehlt.
208 1631 244 1634 —
265 1615 291 1651 4,
314 1616 333 1644 4
354 1628 406 1655 per
428 1622 556 1649 saecula.

527 1746 596 1778 209.
639 1749 682 1780 De
703 1754 812 1783 sancto
835 1753 1008 1788 Dunstano.

268 1833 374 1877 Salve,
403 1840 515 1870 sancta
543 1839 622 1883 dies,
652 1842 772 1875 celebri
800 1844 990 1886 dignissima
1016 1851 1122 1893 laude,

318 1884 398 1923 Qua,
426 1885 596 1920 Dunstane
621 1894 726 1929 pater,
756 1893 877 1927 caelica
905 1899 1035 1931 scandis
1062 1911 1171 1937 ovans,

266 1932 366 1971 Quem
393 1935 584 1968 transitivae
612 1944 739 1971 nactum
767 1943 947 1982 primordia
976 1948 1060 1980 vitae

313 1980 429 2015 Gratia
454 1985 604 2018 caelestis
631 1988 755 2029 imbuit,
785 1993 936 2026 excoluit.

201 2031 233 2062 5.
260 2029 370 2071 Aeger
394 2032 505 2065 divino
533 2035 746 2069 medicamine
772 2042 993 2075 consolidatus

309 2079 388 2112 Cum
418 2082 505 2113 tenui
534 2084 624 2125 virga
652 2090 759 2119 castra
787 2089 927 2129 maligna
955 2091 1056 2133 fugas

259 2129 418 2168 Angelico
446 2131 545 2163 ductu
571 2135 685 2174 templi
712 2144 811 2175 super
837 2138 941 2171 ardua
968 2143 1128 2174 scandens

306 2175 460 2218 Undique
486 2178 648 2214 firmatum
677 2184 784 2216 tendis
810 2186 842 2217 in
870 2188 1049 2221 ecclesiam.

256 2223 427 2257 Caelorum
454 2227 540 2260 cives
565 2230 659 2262 audis
687 2231 746 2263 tibi
774 2233 1008 2268 coniubilantes

168 2272 223 2305 10.
297 2272 342 2304 Et
367 2283 478 2313 pacem
506 2278 632 2316 patriae
659 2280 758 2312 discis
785 2281 900 2314 adesse
925 2287 1008 2317 tuae.

259 2321 329 2353 Vox
355 2326 450 2354 sonat
476 2332 493 2355 e
517 2327 654 2366 superis.
682 2337 764 2368 quae
791 2333 822 2360 te
850 2331 890 2362 de
916 2341 996 2371 pace
1023 2336 1139 2374 quieiis

299 2369 426 2402 Edredi
453 2373 538 2412 regis
564 2375 689 2414 edocet,
718 2377 889 2413 exhilarat.

251 2417 396 2450 Daemon
422 2418 456 2451 in
483 2420 589 2463 effigie
616 2425 723 2465 vulpis
750 2426 908 2459 contritus
936 2433 968 2461 et
995 2432 1063 2463 ursi

299 2465 463 2500 Subdolus
486 2469 624 2503 iusidias
652 2474 758 2505 tendit
784 2474 902 2515 ubique
929 2477 1000 2510 tibi.
