1653 2656
797 103 1032 139 -68-

257 197 289 231 3.
316 197 377 236 Qui
402 198 535 230 contulit
561 198 620 230 hoc
645 200 762 240 meriti,
945 204 976 235 5.
1004 201 1106 233 Huius
1133 206 1176 243 te,
1203 203 1342 244 Christe,
1366 205 1519 246 precibus

314 245 360 278 Ut
385 254 478 278 verus
504 247 608 278 cultor
632 249 729 280 eremi
1003 249 1069 282 Nos
1096 250 1274 292 masolam,
1301 261 1504 295 quaesumus,

316 294 379 326 Per
405 294 533 326 deserta
558 299 587 326 et
613 295 700 327 invia
1001 299 1125 330 Pestem
1149 299 1302 339 pellendo
1326 301 1456 333 noxiam

316 341 408 374 Vitae
433 342 585 382 probaret
609 344 734 384 gaudia.
1003 346 1114 378 Pacem
1142 346 1262 386 praebe
1290 349 1484 384 continuam.

256 447 288 480 4.
315 448 431 478 Aetate
456 457 645 488 quamquam
667 449 803 489 iuvenis,
944 453 975 484 6.
1002 451 1070 483 Deo
1096 452 1182 492 patri
1208 457 1240 485 et
1265 452 1332 485 filio

315 494 417 526 Fonte
443 496 562 535 rigatus
587 498 777 536 pneumatis,
1003 500 1082 531 Cum
1108 501 1224 540 spiritu
1250 501 1410 541 paraclito

315 541 432 575 Sancto
458 549 638 575 sanctorum
665 545 816 584 placitam
999 548 1045 579 Sit
1072 548 1140 579 laus
1167 553 1318 581 aeternae
1343 550 1477 590 gloriae,

315 591 391 623 Sese
416 592 569 622 mactavit
593 593 737 624 hostiam.
1001 595 1047 627 Sit
1075 596 1171 628 decus
1197 597 1266 628 sine
1292 602 1449 638 tempore.

332 694 414 721 BreV.
446 703 497 721 ms.
528 696 675 723 Romarici
704 698 813 724 Montis
845 707 919 725 saec.
952 698 993 726 16.
1025 700 1094 727 cod.
1117 702 1282 736 Spinalieu.
1308 701 1447 734 164177).
1472 705 1503 732 Α.
1538 720 1570 724 -

256 731 396 765 Hymnar.
428 742 479 759 ms.
511 734 658 761 Romarici
689 735 799 762 Montis
830 745 905 764 saec.
940 736 980 765 15.
1013 739 1080 766 Cod.
1115 741 1278 775 spinalien.
1314 740 1367 769 194
1387 741 1454 776 (86).
1476 743 1509 770 Β.
1534 761 1562 764 -

255 767 281 800 2,
304 768 322 796 2
343 770 495 805 splendida
516 772 548 798 B.
570 786 605 790 —
627 770 653 803 3,
675 772 693 797 2²»
714 774 743 800 in
770 776 819 801 via
841 775 872 802 B.
895 790 930 794 —
951 776 977 809 4,
999 776 1017 803 3
1040 778 1193 812 placidam.
1216 794 1251 797 —
1274 781 1300 812 6,
1321 778 1339 807 ‘2
1360 781 1510 816 paracleto
1533 783 1568 810 A.

660 951 720 982 107.
766 952 807 983 De
832 958 938 985 saneto
960 955 1149 988 Adelwuldo.

531 1049 560 1080 1.
589 1050 719 1081 Inclitus
745 1056 854 1090 pastor
879 1055 1049 1094 populique
1076 1061 1190 1091 rector,

587 1097 683 1129 Cuius
708 1099 863 1138 insignem
891 1102 1021 1133 colimus
1047 1104 1254 1144 triumphum,

586 1144 677 1176 Nunc
703 1147 910 1179 Adelwoldus
937 1150 1004 1181 sine
1030 1150 1091 1182 fine
1118 1152 1220 1184 laetus

704 1193 827 1233 Regnat
852 1195 884 1226 in
910 1197 1014 1229 astris,

526 1297 558 1328 2.
583 1297 642 1336 Qui
669 1302 760 1337 pater
786 1304 893 1331 noster
918 1300 977 1332 fuit
1003 1307 1032 1334 et
1059 1306 1219 1346 magister⁷

585 1344 748 1377 Exhibens
774 1356 884 1378 sacrae
911 1349 1098 1383 documenta
1125 1355 1209 1386 vitae

584 1391 626 1423 Et
652 1392 720 1424 Deo
745 1403 872 1434 semper
897 1401 1042 1438 satagens
1069 1401 1199 1440 placere

703 1441 806 1474 Corde
832 1442 975 1484 benigno.

523 1546 553 1575 3.
582 1544 606 1576 Ο
634 1545 717 1577 diem
742 1552 895 1581 sanctum.
924 1550 1092 1591 celebrem,
1121 1564 1295 1590 coruscum.

580 1592 676 1630 Quem
703 1593 763 1625 Dei
789 1595 880 1627 nobis
905 1597 1007 1636 pietas
1034 1603 1184 1645 sacravit,

583 1639 627 1671 Ut
651 1641 736 1679 patri
762 1646 851 1674 tanto
877 1653 1069 1679 mereremur
1095 1650 1212 1683 almum

702 1688 851 1721 Promere
877 1696 1020 1725 cantum!

519 1795 551 1824 4.
579 1792 670 1824 Nunc
696 1803 765 1825 eum
791 1796 862 1827 nisu
888 1799 1058 1838 rogitemus
1085 1805 1179 1842 omni,

578 1840 697 1872 Abluat
722 1847 863 1875 nostrum
891 1846 961 1884 pius
988 1852 1021 1878 ut
1048 1855 1171 1883 reatum

579 1888 620 1919 Et
646 1898 703 1920 sua
728 1895 837 1922 sancta
864 1902 959 1932 prece
985 1905 1041 1927 nos
1067 1899 1107 1929 ad
1136 1900 1233 1932 altum

698 1937 803 1971 Ducat
828 1940 1003 1982 Olympum.

518 2042 548 2073 5.
576 2040 621 2072 Sit
650 2041 717 2073 Deo
744 2043 803 2074 soli
830 2044 926 2076 decus
952 2051 981 2077 et
1009 2052 1161 2092 potestas,

577 2088 660 2119 Laus
686 2090 718 2121 in
745 2092 891 2134 excelsis,
919 2093 1019 2127 honor
1045 2106 1082 2128 ac
1107 2103 1269 2143 perennis,

573 2137 632 2176 Qui
658 2138 723 2168 suis
749 2142 849 2170 totum
875 2142 1044 2175 moderans
1072 2146 1229 2185 gubernat

695 2185 832 2226 Legibus
858 2189 978 2222 orbem.

317 2283 437 2312 collect.
458 2295 510 2313 ms.
533 2288 562 2315 S.
583 2288 728 2324 Ebrulphi
755 2299 831 2318 saec.
855 2291 899 2320 11.
926 2291 967 2328 [et
990 2293 1045 2331 12].
1067 2298 1138 2324 cod.
1160 2300 1349 2332 Aleueonien.
1376 2308 1423 2338 14:
1451 2313 1546 2344 dimm-

237 2321 301 2348 Teil
322 2322 408 2355 (nach
430 2325 553 2359 Delisle)
572 2335 630 2353 von
650 2327 701 2355 der
721 2329 810 2356 Hand
831 2330 881 2358 des
900 2331 1057 2362 Ordericus
1078 2336 1196 2365 vitalis.
1227 2342 1271 2368 Ob
1293 2345 1367 2372 auch
1388 2348 1436 2376 die
1460 2339 1546 2381 Uir-h-

237 2362 309 2395 tung
329 2370 386 2388 von
409 2362 469 2390 ihm
490 2364 644 2392 herrfihrt‘?
685 2367 857 2395 Aufsehrift:
890 2370 1043 2406 „Hymnus
1064 2379 1272 2411 vespertinalis
1294 2385 1433 2419 sapphico
1456 2399 1547 2422 men-0

238 2398 484 2435 hendecasyllabo
505 2403 608 2437 editus,
630 2404 778 2434 Adonium
799 2413 904 2443 quarto
925 2412 1078 2439 continens
1100 2415 1130 2440 in
1152 2415 1245 2443 loco.'‘
