<?xml version="1.0" encoding="UTF-8"?>
<!DOCTYPE html PUBLIC "-//W3C//DTD XHTML 1.0 Transitional//EN"
    "http://www.w3.org/TR/xhtml1/DTD/xhtml1-transitional.dtd">
<html xmlns="http://www.w3.org/1999/xhtml" xml:lang="en" lang="en">
 <head>
  <title>
</title>
<meta http-equiv="Content-Type" content="text/html;charset=utf-8" />
  <meta name='ocr-system' content='tesseract 3.04.00' />
  <meta name='ocr-capabilities' content='ocr_page ocr_carea ocr_par ocr_line ocrx_word'/>
</head>
<body>
  <div class='ocr_page' id='page_1' title='image "./analectahymnica43drevuoft/analectahymnica43drevuoft_0114.png"; bbox 0 0 1653 2656; ppageno 0'>
   <div class='ocr_carea' id='block_1_1' title="bbox 654 124 916 158">
    <p class='ocr_par' dir='ltr' id='par_1_1' title="bbox 654 124 916 158">
     <span class='ocr_line' id='line_1_1' title="bbox 654 124 916 158; baseline -0.008 1"><span class='ocrx_word' id='word_1_1' title='bbox 654 124 916 158; x_wconf 84' lang='lat'>—111—</span> 
     </span>
    </p>
   </div>
   <div class='ocr_carea' id='block_1_2' title="bbox 407 221 1252 399">
    <p class='ocr_par' dir='ltr' id='par_1_2' title="bbox 407 221 1252 399">
     <span class='ocr_line' id='line_1_2' title="bbox 407 221 1059 263; baseline -0.003 -9"><span class='ocrx_word' id='word_1_2' title='bbox 407 222 439 254; x_wconf 86' lang='lat'><strong>2.</strong></span> <span class='ocrx_word' id='word_1_3' title='bbox 469 222 526 254; x_wconf 86' lang='lat' dir='ltr'><strong>Ira</strong></span> <span class='ocrx_word' id='word_1_4' title='bbox 551 226 737 262; x_wconf 86' lang='lat' dir='ltr'><strong>serpentum</strong></span> <span class='ocrx_word' id='word_1_5' title='bbox 765 221 883 263; x_wconf 86' lang='lat' dir='ltr'><strong>virgini</strong></span> <span class='ocrx_word' id='word_1_6' title='bbox 910 221 1059 262; x_wconf 85' lang='lat' dir='ltr'><strong>mitescit,</strong></span> 
     </span>
     <span class='ocr_line' id='line_1_3' title="bbox 470 269 1105 309; baseline -0.002 -7"><span class='ocrx_word' id='word_1_7' title='bbox 470 270 534 302; x_wconf 88' lang='lat' dir='ltr'><strong>Sed</strong></span> <span class='ocrx_word' id='word_1_8' title='bbox 561 270 778 302; x_wconf 81' lang='lat' dir='ltr'><strong>incantantem</strong></span> <span class='ocrx_word' id='word_1_9' title='bbox 805 270 950 302; x_wconf 87' lang='lat' dir='ltr'><strong>saeviens</strong></span> <span class='ocrx_word' id='word_1_10' title='bbox 976 269 1105 309; x_wconf 80' lang='lat' dir='ltr'><strong>occidit,</strong></span> 
     </span>
     <span class='ocr_line' id='line_1_4' title="bbox 468 317 1252 359; baseline 0.001 -10"><span class='ocrx_word' id='word_1_11' title='bbox 468 317 567 357; x_wconf 85' lang='lat' dir='ltr'><strong>Quem</strong></span> <span class='ocrx_word' id='word_1_12' title='bbox 595 319 686 358; x_wconf 82' lang='lat' dir='ltr'><strong>virgo</strong></span> <span class='ocrx_word' id='word_1_13' title='bbox 713 318 853 350; x_wconf 89' lang='lat' dir='ltr'><strong>clemens</strong></span> <span class='ocrx_word' id='word_1_14' title='bbox 879 318 1015 350; x_wconf 84' lang='lat' dir='ltr'><strong>suscitat</strong></span> <span class='ocrx_word' id='word_1_15' title='bbox 1041 321 1073 350; x_wconf 87' lang='lat' dir='ltr'><strong>et</strong></span> <span class='ocrx_word' id='word_1_16' title='bbox 1098 318 1252 359; x_wconf 85' lang='lat' dir='ltr'><strong>prudens,</strong></span> 
     </span>
     <span class='ocr_line' id='line_1_5' title="bbox 615 367 901 399; baseline 0 0"><span class='ocrx_word' id='word_1_17' title='bbox 615 367 724 399; x_wconf 82' lang='lat' dir='ltr'><strong>Fortis</strong></span> <span class='ocrx_word' id='word_1_18' title='bbox 751 370 783 398; x_wconf 86' lang='lat' dir='ltr'><strong>et</strong></span> <span class='ocrx_word' id='word_1_19' title='bbox 808 367 901 399; x_wconf 88' lang='lat' dir='ltr'><strong>lenis.</strong></span> 
     </span>
    </p>
   </div>
   <div class='ocr_carea' id='block_1_3' title="bbox 410 470 1235 650">
    <p class='ocr_par' dir='ltr' id='par_1_3' title="bbox 410 470 1235 609">
     <span class='ocr_line' id='line_1_6' title="bbox 410 470 1098 513; baseline -0.001 -9"><span class='ocrx_word' id='word_1_20' title='bbox 410 473 442 505; x_wconf 86' lang='lat'><strong>3.</strong></span> <span class='ocrx_word' id='word_1_21' title='bbox 471 471 571 503; x_wconf 81' lang='lat' dir='ltr'>Lacte</span> <span class='ocrx_word' id='word_1_22' title='bbox 597 470 714 504; x_wconf 89' lang='lat' dir='ltr'><strong>fluente</strong></span> <span class='ocrx_word' id='word_1_23' title='bbox 741 473 886 504; x_wconf 87' lang='lat' dir='ltr'><strong>mammis</strong></span> <span class='ocrx_word' id='word_1_24' title='bbox 912 472 1098 513; x_wconf 86' lang='lat' dir='ltr'><strong>amputatis,</strong></span> 
     </span>
     <span class='ocr_line' id='line_1_7' title="bbox 470 519 1235 560; baseline 0 -9"><span class='ocrx_word' id='word_1_25' title='bbox 470 519 615 560; x_wconf 82' lang='lat' dir='ltr'><strong>Linguae</strong></span> <span class='ocrx_word' id='word_1_26' title='bbox 641 521 806 560; x_wconf 82' lang='lat' dir='ltr'><strong>praecisae</strong></span> <span class='ocrx_word' id='word_1_27' title='bbox 832 524 968 560; x_wconf 86' lang='lat' dir='ltr'><strong>partem,</strong></span> <span class='ocrx_word' id='word_1_28' title='bbox 996 530 1058 552; x_wconf 89' lang='lat' dir='ltr'><strong>non</strong></span> <span class='ocrx_word' id='word_1_29' title='bbox 1085 520 1235 552; x_wconf 84' lang='lat' dir='ltr'><strong>amittens</strong></span> 
     </span>
     <span class='ocr_line' id='line_1_8' title="bbox 469 567 1124 609; baseline 0.003 -11"><span class='ocrx_word' id='word_1_30' title='bbox 469 567 575 599; x_wconf 87' lang='lat' dir='ltr'><strong>Fandi</strong></span> <span class='ocrx_word' id='word_1_31' title='bbox 603 569 765 607; x_wconf 84' lang='lat' dir='ltr'><strong>virtutem⁷</strong></span> <span class='ocrx_word' id='word_1_32' title='bbox 791 569 868 600; x_wconf 88' lang='lat' dir='ltr'><strong>iacit</strong></span> <span class='ocrx_word' id='word_1_33' title='bbox 894 569 926 600; x_wconf 90' lang='lat' dir='ltr'><strong>in</strong></span> <span class='ocrx_word' id='word_1_34' title='bbox 953 574 1124 609; x_wconf 82' lang='lat' dir='ltr'><strong>tyrannum</strong></span> 
     </span>
    </p>

    <p class='ocr_par' dir='ltr' id='par_1_4' title="bbox 615 617 844 650">
     <span class='ocr_line' id='line_1_9' title="bbox 615 617 844 650; baseline 0.009 -3"><span class='ocrx_word' id='word_1_35' title='bbox 615 617 716 648; x_wconf 90' lang='lat' dir='ltr'><strong>Oculo</strong></span> <span class='ocrx_word' id='word_1_36' title='bbox 744 617 844 650; x_wconf 80' lang='lat' dir='ltr'><strong>vulso,</strong></span> 
     </span>
    </p>
   </div>
   <div class='ocr_carea' id='block_1_4' title="bbox 413 721 1171 906">
    <p class='ocr_par' dir='ltr' id='par_1_5' title="bbox 413 721 1171 858">
     <span class='ocr_line' id='line_1_10' title="bbox 413 721 1108 762; baseline -0.003 -8"><span class='ocrx_word' id='word_1_37' title='bbox 413 723 445 755; x_wconf 90' lang='lat'><strong>4.</strong></span> <span class='ocrx_word' id='word_1_38' title='bbox 473 722 602 753; x_wconf 89' lang='lat' dir='ltr'><strong>Annum</strong></span> <span class='ocrx_word' id='word_1_39' title='bbox 629 721 725 753; x_wconf 83' lang='lat' dir='ltr'><strong>beata</strong></span> <span class='ocrx_word' id='word_1_40' title='bbox 751 730 908 761; x_wconf 83' lang='lat' dir='ltr'><strong>peragens</strong></span> <span class='ocrx_word' id='word_1_41' title='bbox 935 721 1108 762; x_wconf 82' lang='lat' dir='ltr'><strong>bissenum,</strong></span> 
     </span>
     <span class='ocr_line' id='line_1_11' title="bbox 478 769 1060 810; baseline 0 -9"><span class='ocrx_word' id='word_1_42' title='bbox 478 769 561 801; x_wconf 84' lang='lat' dir='ltr'><strong>Fixa</strong></span> <span class='ocrx_word' id='word_1_43' title='bbox 587 770 724 810; x_wconf 76' lang='lat' dir='ltr'><strong>sagittis,</strong></span> <span class='ocrx_word' id='word_1_44' title='bbox 753 770 904 810; x_wconf 88' lang='lat' dir='ltr'><strong>copulata</strong></span> <span class='ocrx_word' id='word_1_45' title='bbox 931 770 1060 802; x_wconf 86' lang='lat' dir='ltr'><strong>Christo</strong></span> 
     </span>
     <span class='ocr_line' id='line_1_12' title="bbox 481 817 1171 858; baseline -0.003 -8"><span class='ocrx_word' id='word_1_46' title='bbox 481 817 607 858; x_wconf 82' lang='lat' dir='ltr'><strong>sponso</strong></span> <span class='ocrx_word' id='word_1_47' title='bbox 634 819 780 858; x_wconf 78' lang='lat' dir='ltr'><strong>regnanti</strong></span> <span class='ocrx_word' id='word_1_48' title='bbox 809 822 922 858; x_wconf 84' lang='lat' dir='ltr'><strong>regnat</strong></span> <span class='ocrx_word' id='word_1_49' title='bbox 947 818 979 849; x_wconf 92' lang='lat' dir='ltr'><strong>in</strong></span> <span class='ocrx_word' id='word_1_50' title='bbox 1006 821 1171 849; x_wconf 88' lang='lat' dir='ltr'><strong>aeternum</strong></span> 
     </span>
    </p>

    <p class='ocr_par' dir='ltr' id='par_1_6' title="bbox 620 866 983 906">
     <span class='ocr_line' id='line_1_13' title="bbox 620 866 983 906; baseline 0 -8"><span class='ocrx_word' id='word_1_51' title='bbox 620 866 745 906; x_wconf 85' lang='lat' dir='ltr'><strong>Sponsa</strong></span> <span class='ocrx_word' id='word_1_52' title='bbox 771 866 983 905; x_wconf 85' lang='lat' dir='ltr'><strong>triumphans.</strong></span> 
     </span>
    </p>
   </div>
   <div class='ocr_carea' id='block_1_5' title="bbox 418 971 1109 1150">
    <p class='ocr_par' dir='ltr' id='par_1_7' title="bbox 418 971 1109 1106">
     <span class='ocr_line' id='line_1_14' title="bbox 418 971 1109 1013; baseline -0.004 -8"><span class='ocrx_word' id='word_1_53' title='bbox 418 975 448 1007; x_wconf 87' lang='lat'><strong>5.</strong></span> <span class='ocrx_word' id='word_1_54' title='bbox 476 973 612 1013; x_wconf 82' lang='lat' dir='ltr'><strong>Suscipe</strong></span> <span class='ocrx_word' id='word_1_55' title='bbox 638 982 750 1004; x_wconf 87' lang='lat' dir='ltr'><strong>munus</strong></span> <span class='ocrx_word' id='word_1_56' title='bbox 777 972 929 1012; x_wconf 86' lang='lat' dir='ltr'><strong>pauperis</strong></span> <span class='ocrx_word' id='word_1_57' title='bbox 955 971 1109 1011; x_wconf 74' lang='lat' dir='ltr'><strong>oblatum,</strong></span> 
     </span>
     <span class='ocr_line' id='line_1_15' title="bbox 477 1020 1023 1060; baseline -0.005 -7"><span class='ocrx_word' id='word_1_58' title='bbox 477 1020 600 1053; x_wconf 89' lang='lat' dir='ltr'><strong>Perfice</strong></span> <span class='ocrx_word' id='word_1_59' title='bbox 626 1024 701 1051; x_wconf 86' lang='lat' dir='ltr'><strong>vota</strong></span> <span class='ocrx_word' id='word_1_60' title='bbox 728 1021 823 1060; x_wconf 80' lang='lat' dir='ltr'><strong>digne</strong></span> <span class='ocrx_word' id='word_1_61' title='bbox 850 1020 1023 1060; x_wconf 86' lang='lat' dir='ltr'><strong>postulata,</strong></span> 
     </span>
     <span class='ocr_line' id='line_1_16' title="bbox 476 1067 1085 1106; baseline -0.005 -5"><span class='ocrx_word' id='word_1_62' title='bbox 476 1069 606 1101; x_wconf 82' lang='lat' dir='ltr'><strong>Soelera</strong></span> <span class='ocrx_word' id='word_1_63' title='bbox 634 1069 764 1106; x_wconf 49' lang='lat' dir='ltr'><strong>mundaq</strong></span> <span class='ocrx_word' id='word_1_64' title='bbox 793 1068 894 1100; x_wconf 81' lang='lat' dir='ltr'><strong>redde</strong></span> <span class='ocrx_word' id='word_1_65' title='bbox 920 1067 1085 1099; x_wconf 77' lang='lat' dir='ltr'><strong>sanctitati</strong></span> 
     </span>
    </p>

    <p class='ocr_par' dir='ltr' id='par_1_8' title="bbox 621 1117 897 1150">
     <span class='ocr_line' id='line_1_17' title="bbox 621 1117 897 1150; baseline 0.004 -1"><span class='ocrx_word' id='word_1_66' title='bbox 621 1117 667 1149; x_wconf 89' lang='lat' dir='ltr'><strong>Te</strong></span> <span class='ocrx_word' id='word_1_67' title='bbox 694 1120 897 1150; x_wconf 51' lang='lat' dir='ltr'><strong>venerantes</strong></span> 
     </span>
    </p>
   </div>
   <div class='ocr_carea' id='block_1_6' title="bbox 417 1218 1128 1401">
    <p class='ocr_par' dir='ltr' id='par_1_9' title="bbox 417 1218 1128 1359">
     <span class='ocr_line' id='line_1_18' title="bbox 417 1218 1128 1264; baseline -0.007 -7"><span class='ocrx_word' id='word_1_68' title='bbox 417 1226 448 1258; x_wconf 88' lang='lat'><strong>6.</strong></span> <span class='ocrx_word' id='word_1_69' title='bbox 476 1224 566 1257; x_wconf 89' lang='lat' dir='ltr'><strong>Pelle</strong></span> <span class='ocrx_word' id='word_1_70' title='bbox 589 1224 771 1264; x_wconf 85' lang='lat' dir='ltr'><strong>languores,</strong></span> <span class='ocrx_word' id='word_1_71' title='bbox 799 1223 906 1254; x_wconf 88' lang='lat' dir='ltr'><strong>hostes</strong></span> <span class='ocrx_word' id='word_1_72' title='bbox 934 1225 964 1253; x_wconf 90' lang='lat' dir='ltr'><strong>et</strong></span> <span class='ocrx_word' id='word_1_73' title='bbox 992 1218 1128 1261; x_wconf 81' lang='lat' dir='ltr'><strong>feroces,</strong></span> 
     </span>
     <span class='ocr_line' id='line_1_19' title="bbox 479 1271 1075 1313; baseline -0.007 -9"><span class='ocrx_word' id='word_1_74' title='bbox 479 1272 600 1304; x_wconf 84' lang='lat' dir='ltr'><strong>Tristia</strong></span> <span class='ocrx_word' id='word_1_75' title='bbox 626 1275 751 1313; x_wconf 87' lang='lat' dir='ltr'><strong>cuncta,</strong></span> <span class='ocrx_word' id='word_1_76' title='bbox 781 1272 866 1302; x_wconf 86' lang='lat' dir='ltr'><strong>dona</strong></span> <span class='ocrx_word' id='word_1_77' title='bbox 892 1271 1075 1312; x_wconf 85' lang='lat' dir='ltr'><strong>sanitatem,</strong></span> 
     </span>
     <span class='ocr_line' id='line_1_20' title="bbox 477 1320 1053 1359; baseline -0.007 -6"><span class='ocrx_word' id='word_1_78' title='bbox 477 1321 605 1353; x_wconf 80' lang='lat' dir='ltr'><strong>Gaudia</strong></span> <span class='ocrx_word' id='word_1_79' title='bbox 631 1320 712 1352; x_wconf 87' lang='lat' dir='ltr'><strong>caeli</strong></span> <span class='ocrx_word' id='word_1_80' title='bbox 738 1320 856 1358; x_wconf 88' lang='lat' dir='ltr'><strong>tribue,</strong></span> <span class='ocrx_word' id='word_1_81' title='bbox 883 1327 1053 1359; x_wconf 81' lang='lat' dir='ltr'><strong>precamur</strong></span> 
     </span>
    </p>

    <p class='ocr_par' dir='ltr' id='par_1_10' title="bbox 624 1368 836 1401">
     <span class='ocr_line' id='line_1_21' title="bbox 624 1368 836 1401; baseline 0.005 -1"><span class='ocrx_word' id='word_1_82' title='bbox 624 1368 752 1400; x_wconf 87' lang='lat' dir='ltr'><strong>Famuli</strong></span> <span class='ocrx_word' id='word_1_83' title='bbox 780 1368 836 1401; x_wconf 88' lang='lat' dir='ltr'><strong>tui.</strong></span> 
     </span>
    </p>
   </div>
   <div class='ocr_carea' id='block_1_7' title="bbox 422 1473 1118 1660">
    <p class='ocr_par' dir='ltr' id='par_1_11' title="bbox 422 1473 1118 1660">
     <span class='ocr_line' id='line_1_22' title="bbox 422 1473 1076 1514; baseline -0.008 -5"><span class='ocrx_word' id='word_1_84' title='bbox 422 1478 452 1510; x_wconf 85' lang='lat'><strong>7.</strong></span> <span class='ocrx_word' id='word_1_85' title='bbox 480 1475 593 1508; x_wconf 86' lang='lat' dir='ltr'><strong>Gloria</strong></span> <span class='ocrx_word' id='word_1_86' title='bbox 618 1475 725 1507; x_wconf 88' lang='lat' dir='ltr'><strong>laudis</strong></span> <span class='ocrx_word' id='word_1_87' title='bbox 752 1474 793 1506; x_wconf 84' lang='lat' dir='ltr'><strong>sit</strong></span> <span class='ocrx_word' id='word_1_88' title='bbox 819 1478 952 1506; x_wconf 87' lang='lat' dir='ltr'><strong>aeterno</strong></span> <span class='ocrx_word' id='word_1_89' title='bbox 979 1473 1076 1514; x_wconf 86' lang='lat' dir='ltr'><strong>patri,</strong></span> 
     </span>
     <span class='ocr_line' id='line_1_23' title="bbox 480 1522 1041 1564; baseline -0.005 -8"><span class='ocrx_word' id='word_1_90' title='bbox 480 1524 618 1556; x_wconf 88' lang='lat' dir='ltr'><strong>Genitae</strong></span> <span class='ocrx_word' id='word_1_91' title='bbox 643 1524 728 1564; x_wconf 87' lang='lat' dir='ltr'><strong>proli</strong></span> <span class='ocrx_word' id='word_1_92' title='bbox 752 1522 874 1554; x_wconf 87' lang='lat' dir='ltr'><strong>flamini</strong></span> <span class='ocrx_word' id='word_1_93' title='bbox 903 1527 1041 1559; x_wconf 78' lang='lat' dir='ltr'><strong>sacrato,</strong></span> 
     </span>
     <span class='ocr_line' id='line_1_24' title="bbox 480 1571 1118 1613; baseline -0.006 -8"><span class='ocrx_word' id='word_1_94' title='bbox 480 1572 529 1605; x_wconf 88' lang='lat' dir='ltr'><strong>Sit</strong></span> <span class='ocrx_word' id='word_1_95' title='bbox 554 1582 619 1613; x_wconf 88' lang='lat' dir='ltr'><strong>pax</strong></span> <span class='ocrx_word' id='word_1_96' title='bbox 645 1577 676 1603; x_wconf 86' lang='lat' dir='ltr'><strong>et</strong></span> <span class='ocrx_word' id='word_1_97' title='bbox 702 1572 788 1603; x_wconf 87' lang='lat' dir='ltr'><strong>salus</strong></span> <span class='ocrx_word' id='word_1_98' title='bbox 815 1571 916 1611; x_wconf 57' lang='lat' dir='ltr'><strong>nobis,</strong></span> <span class='ocrx_word' id='word_1_99' title='bbox 934 1571 1118 1601; x_wconf 88' lang='lat' dir='ltr'><strong>interventu</strong></span> 
     </span>
     <span class='ocr_line' id='line_1_25' title="bbox 628 1620 912 1660; baseline -0.011 -7"><span class='ocrx_word' id='word_1_100' title='bbox 628 1620 770 1660; x_wconf 84' lang='lat' dir='ltr'><strong>Virginis</strong></span> <span class='ocrx_word' id='word_1_101' title='bbox 798 1620 912 1651; x_wconf 86' lang='lat' dir='ltr'><strong>almae.</strong></span> 
     </span>
    </p>
   </div>
   <div class='ocr_carea' id='block_1_8' title="bbox 127 1719 1466 1805">
    <p class='ocr_par' dir='ltr' id='par_1_12' title="bbox 127 1719 1466 1805">
     <span class='ocr_line' id='line_1_26' title="bbox 206 1719 1466 1758; baseline -0.009 0"><span class='ocrx_word' id='word_1_102' title='bbox 206 1730 313 1758; x_wconf 78' lang='lat' dir='ltr'><strong>Pontis.</strong></span> <span class='ocrx_word' id='word_1_103' title='bbox 346 1738 399 1756; x_wconf 89' lang='lat' dir='ltr'><strong>ms.</strong></span> <span class='ocrx_word' id='word_1_104' title='bbox 432 1728 633 1756; x_wconf 85' lang='lat' dir='ltr'><strong>Paulanorum</strong></span> <span class='ocrx_word' id='word_1_105' title='bbox 666 1734 742 1753; x_wconf 85' lang='lat' dir='ltr'><strong>saec.</strong></span> <span class='ocrx_word' id='word_1_106' title='bbox 775 1723 821 1752; x_wconf 80' lang='lat'><strong>15.</strong></span> <span class='ocrx_word' id='word_1_107' title='bbox 852 1724 922 1752; x_wconf 81' lang='lat' dir='ltr'><strong>Cod.</strong></span> <span class='ocrx_word' id='word_1_108' title='bbox 949 1724 1045 1751; x_wconf 82' lang='lat' dir='ltr'><strong>Vatic.</strong></span> <span class='ocrx_word' id='word_1_109' title='bbox 1073 1723 1212 1751; x_wconf 82' lang='lat' dir='ltr'><strong>Ottobon.</strong></span> <span class='ocrx_word' id='word_1_110' title='bbox 1244 1719 1309 1749; x_wconf 81' lang='lat'>502.</span> <span class='ocrx_word' id='word_1_111' title='bbox 1338 1736 1373 1740; x_wconf 77' lang='lat'><em>—</em></span> <span class='ocrx_word' id='word_1_112' title='bbox 1404 1720 1466 1747; x_wconf 88' lang='lat' dir='ltr'><strong>Die</strong></span> 
     </span>
     <span class='ocr_line' id='line_1_27' title="bbox 127 1758 1458 1805; baseline -0.009 -8"><span class='ocrx_word' id='word_1_113' title='bbox 127 1769 233 1798; x_wconf 90' lang='lat' dir='ltr'><strong>beiden</strong></span> <span class='ocrx_word' id='word_1_114' title='bbox 248 1769 388 1805; x_wconf 87' lang='lat' dir='ltr'><strong>Hymnen</strong></span> <span class='ocrx_word' id='word_1_115' title='bbox 416 1767 482 1794; x_wconf 88' lang='lat' dir='ltr'><strong>sind</strong></span> <span class='ocrx_word' id='word_1_116' title='bbox 504 1768 533 1794; x_wconf 88' lang='lat' dir='ltr'><strong>iu</strong></span> <span class='ocrx_word' id='word_1_117' title='bbox 556 1766 608 1794; x_wconf 81' lang='lat' dir='ltr'><strong>dei·</strong></span> <span class='ocrx_word' id='word_1_118' title='bbox 623 1767 675 1793; x_wconf 78' lang='lat' dir='ltr'><strong>Hs.</strong></span> <span class='ocrx_word' id='word_1_119' title='bbox 700 1764 775 1792; x_wconf 81' lang='lat' dir='ltr'><strong>noch</strong></span> <span class='ocrx_word' id='word_1_120' title='bbox 797 1774 855 1791; x_wconf 82' lang='lat' dir='ltr'><strong>von</strong></span> <span class='ocrx_word' id='word_1_121' title='bbox 877 1763 934 1791; x_wconf 88' lang='lat' dir='ltr'><strong>den</strong></span> <span class='ocrx_word' id='word_1_122' title='bbox 955 1762 1113 1798; x_wconf 86' lang='lat' dir='ltr'><strong>folgenden</strong></span> <span class='ocrx_word' id='word_1_123' title='bbox 1135 1760 1357 1797; x_wconf 74' lang='lat' dir='ltr'><strong>rhythmischen</strong></span> <span class='ocrx_word' id='word_1_124' title='bbox 1374 1758 1458 1786; x_wconf 81' lang='lat' dir='ltr'><strong>Auti-</strong></span> 
     </span>
    </p>
   </div>
   <div class='ocr_carea' id='block_1_9' title="bbox 130 1808 959 1897">
    <p class='ocr_par' dir='ltr' id='par_1_13' title="bbox 130 1808 959 1897">
     <span class='ocr_line' id='line_1_28' title="bbox 130 1808 427 1845; baseline -0.007 -9"><span class='ocrx_word' id='word_1_125' title='bbox 130 1809 251 1845; x_wconf 87' lang='lat' dir='ltr'><strong>phonen</strong></span> <span class='ocrx_word' id='word_1_126' title='bbox 271 1808 427 1844; x_wconf 88' lang='lat' dir='ltr'><strong>begleitet:</strong></span> 
     </span>
     <span class='ocr_line' id='line_1_29' title="bbox 634 1861 959 1897; baseline -0.012 -8"><span class='ocrx_word' id='word_1_127' title='bbox 634 1863 686 1889; x_wconf 86' lang='lat' dir='ltr'><strong>Ad</strong></span> <span class='ocrx_word' id='word_1_128' title='bbox 710 1861 959 1897; x_wconf 84' lang='lat' dir='ltr'><strong>Magnificat:</strong></span> 
     </span>
    </p>
   </div>
   <div class='ocr_carea' id='block_1_10' title="bbox 576 1919 1012 2113">
    <p class='ocr_par' dir='ltr' id='par_1_14' title="bbox 576 1919 1012 2067">
     <span class='ocr_line' id='line_1_30' title="bbox 577 1919 983 1957; baseline -0.012 -7"><span class='ocrx_word' id='word_1_129' title='bbox 577 1923 659 1956; x_wconf 86' lang='lat' dir='ltr'><strong>Quae</strong></span> <span class='ocrx_word' id='word_1_130' title='bbox 681 1920 829 1957; x_wconf 83' lang='lat' dir='ltr'><strong>pertulisti</strong></span> <span class='ocrx_word' id='word_1_131' title='bbox 852 1919 983 1951; x_wconf 74' lang='lat' dir='ltr'><strong>vincula,</strong></span> 
     </span>
     <span class='ocr_line' id='line_1_31' title="bbox 577 1958 1005 1997; baseline -0.009 -9"><span class='ocrx_word' id='word_1_132' title='bbox 577 1962 694 1997; x_wconf 85' lang='lat' dir='ltr'><strong>Virgas,</strong></span> <span class='ocrx_word' id='word_1_133' title='bbox 714 1968 828 1995; x_wconf 89' lang='lat' dir='ltr'><strong>ungues</strong></span> <span class='ocrx_word' id='word_1_134' title='bbox 851 1963 880 1986; x_wconf 83' lang='lat' dir='ltr'><strong>et</strong></span> <span class='ocrx_word' id='word_1_135' title='bbox 901 1958 1005 1993; x_wconf 85' lang='lat' dir='ltr'><strong>alapas</strong></span> 
     </span>
     <span class='ocr_line' id='line_1_32' title="bbox 576 1997 1012 2036; baseline -0.014 -8"><span class='ocrx_word' id='word_1_136' title='bbox 576 2000 617 2028; x_wconf 88' lang='lat' dir='ltr'><strong>Et</strong></span> <span class='ocrx_word' id='word_1_137' title='bbox 638 2002 734 2036; x_wconf 82' lang='lat' dir='ltr'><strong>ignem</strong></span> <span class='ocrx_word' id='word_1_138' title='bbox 760 2007 825 2025; x_wconf 83' lang='lat' dir='ltr'><strong>eum</strong></span> <span class='ocrx_word' id='word_1_139' title='bbox 847 1997 1012 2033; x_wconf 76' lang='lat' dir='ltr'><strong>naufragio.</strong></span> 
     </span>
     <span class='ocr_line' id='line_1_33' title="bbox 577 2037 898 2067; baseline -0.012 0"><span class='ocrx_word' id='word_1_140' title='bbox 577 2041 638 2067; x_wconf 88' lang='lat' dir='ltr'><strong>Nos</strong></span> <span class='ocrx_word' id='word_1_141' title='bbox 660 2039 765 2066; x_wconf 91' lang='lat' dir='ltr'><strong>ultimo</strong></span> <span class='ocrx_word' id='word_1_142' title='bbox 788 2037 898 2064; x_wconf 86' lang='lat' dir='ltr'><strong>iudicio</strong></span> 
     </span>
    </p>

    <p class='ocr_par' dir='ltr' id='par_1_15' title="bbox 615 2075 995 2113">
     <span class='ocr_line' id='line_1_34' title="bbox 615 2075 995 2113; baseline -0.013 -8"><span class='ocrx_word' id='word_1_143' title='bbox 615 2079 704 2111; x_wconf 76' lang='lat' dir='ltr'><strong>Fove,</strong></span> <span class='ocrx_word' id='word_1_144' title='bbox 727 2078 812 2113; x_wconf 79' lang='lat' dir='ltr'><strong>virgo</strong></span> <span class='ocrx_word' id='word_1_145' title='bbox 836 2075 995 2103; x_wconf 85' lang='lat' dir='ltr'><strong>Christina.</strong></span> 
     </span>
    </p>
   </div>
   <div class='ocr_carea' id='block_1_11' title="bbox 640 2163 965 2193">
    <p class='ocr_par' dir='ltr' id='par_1_16' title="bbox 640 2163 965 2193">
     <span class='ocr_line' id='line_1_35' title="bbox 640 2163 965 2193; baseline -0.015 0"><span class='ocrx_word' id='word_1_146' title='bbox 640 2166 694 2193; x_wconf 78' lang='lat' dir='ltr'><strong>Ad</strong></span> <span class='ocrx_word' id='word_1_147' title='bbox 721 2163 965 2192; x_wconf 84' lang='lat' dir='ltr'><strong>Benedictus.</strong></span> 
     </span>
    </p>
   </div>
   <div class='ocr_carea' id='block_1_12' title="bbox 579 2222 1035 2486">
    <p class='ocr_par' dir='ltr' id='par_1_17' title="bbox 579 2222 1035 2486">
     <span class='ocr_line' id='line_1_36' title="bbox 579 2222 1027 2257; baseline -0.018 -4"><span class='ocrx_word' id='word_1_148' title='bbox 579 2226 751 2256; x_wconf 82' lang='lat' dir='ltr'><strong>Fornacem,</strong></span> <span class='ocrx_word' id='word_1_149' title='bbox 774 2230 886 2257; x_wconf 86' lang='lat' dir='ltr'><strong>angues</strong></span> <span class='ocrx_word' id='word_1_150' title='bbox 908 2222 1027 2255; x_wconf 78' lang='lat' dir='ltr'><strong>superat</strong></span> 
     </span>
     <span class='ocr_line' id='line_1_37' title="bbox 617 2260 982 2299; baseline -0.019 -8"><span class='ocrx_word' id='word_1_151' title='bbox 617 2264 658 2291; x_wconf 79' lang='lat' dir='ltr'><strong>Et</strong></span> <span class='ocrx_word' id='word_1_152' title='bbox 678 2263 807 2299; x_wconf 84' lang='lat' dir='ltr'><strong>plurima</strong></span> <span class='ocrx_word' id='word_1_153' title='bbox 828 2260 982 2294; x_wconf 74' lang='lat' dir='ltr'><strong>martyria,</strong></span> 
     </span>
     <span class='ocr_line' id='line_1_38' title="bbox 582 2299 987 2330; baseline -0.017 0"><span class='ocrx_word' id='word_1_154' title='bbox 582 2304 686 2330; x_wconf 86' lang='lat' dir='ltr'><strong>Virum</strong></span> <span class='ocrx_word' id='word_1_155' title='bbox 708 2310 725 2328; x_wconf 85' lang='lat' dir='ltr'><strong>a</strong></span> <span class='ocrx_word' id='word_1_156' title='bbox 746 2305 839 2328; x_wconf 84' lang='lat' dir='ltr'><strong>morte</strong></span> <span class='ocrx_word' id='word_1_157' title='bbox 862 2299 987 2325; x_wconf 81' lang='lat' dir='ltr'><strong>suscitat</strong></span> 
     </span>
     <span class='ocr_line' id='line_1_39' title="bbox 619 2338 959 2374; baseline -0.021 -5"><span class='ocrx_word' id='word_1_158' title='bbox 619 2341 772 2369; x_wconf 78' lang='lat' dir='ltr'><strong>Christina</strong></span> <span class='ocrx_word' id='word_1_159' title='bbox 793 2340 878 2374; x_wconf 86' lang='lat' dir='ltr'><strong>virgo</strong></span> <span class='ocrx_word' id='word_1_160' title='bbox 900 2338 959 2372; x_wconf 82' lang='lat' dir='ltr'><strong>pia,</strong></span> 
     </span>
     <span class='ocr_line' id='line_1_40' title="bbox 580 2373 1035 2415; baseline -0.018 -7"><span class='ocrx_word' id='word_1_161' title='bbox 580 2382 663 2415; x_wconf 81' lang='lat' dir='ltr'><strong>Quae</strong></span> <span class='ocrx_word' id='word_1_162' title='bbox 685 2381 787 2407; x_wconf 89' lang='lat' dir='ltr'><strong>iuncta</strong></span> <span class='ocrx_word' id='word_1_163' title='bbox 807 2377 882 2405; x_wconf 84' lang='lat' dir='ltr'><strong>caeli</strong></span> <span class='ocrx_word' id='word_1_164' title='bbox 904 2373 1035 2402; x_wconf 87' lang='lat' dir='ltr'><strong>thalamo</strong></span> 
     </span>
     <span class='ocr_line' id='line_1_41' title="bbox 582 2416 892 2455; baseline -0.019 -7"><span class='ocrx_word' id='word_1_165' title='bbox 582 2419 730 2455; x_wconf 82' lang='lat' dir='ltr'><strong>Regnanti</strong></span> <span class='ocrx_word' id='word_1_166' title='bbox 752 2418 809 2445; x_wconf 88' lang='lat' dir='ltr'><strong>Dei</strong></span> <span class='ocrx_word' id='word_1_167' title='bbox 831 2416 892 2443; x_wconf 88' lang='lat' dir='ltr'><strong>filio</strong></span> 
     </span>
     <span class='ocr_line' id='line_1_42' title="bbox 620 2455 954 2486; baseline -0.021 0"><span class='ocrx_word' id='word_1_168' title='bbox 620 2460 681 2486; x_wconf 87' lang='lat' dir='ltr'><strong>Nos</strong></span> <span class='ocrx_word' id='word_1_169' title='bbox 703 2457 825 2485; x_wconf 85' lang='lat' dir='ltr'><strong>adiuvet</strong></span> <span class='ocrx_word' id='word_1_170' title='bbox 844 2456 875 2482; x_wconf 93' lang='lat' dir='ltr'><strong>in</strong></span> <span class='ocrx_word' id='word_1_171' title='bbox 895 2455 954 2480; x_wconf 81' lang='lat' dir='ltr'><strong>via.</strong></span> 
     </span>
    </p>
   </div>
  </div>
 </body>
</html>
