1653 2656
447 231 480 263 6.

412 1154 464 1187 10.

408 1387 462 1419 11.

405 1619 459 1654 12.

401 1854 458 1887 13.

397 2088 451 2122 14.

227 2312 312 2338 Cant.
348 2320 400 2337 ms.
431 2311 621 2339 Franciscan.
649 2321 726 2339 saec.
757 2311 800 2340 15.
828 2313 899 2340 Cod.
926 2313 1071 2340 Marcian.
1100 2315 1135 2341 It.
1167 2314 1209 2341 IX
1242 2312 1306 2341 145.
1338 2330 1374 2335 --
1404 2316 1434 2345 1⁷2,

147 2352 257 2386 optate.
279 2364 318 2369 -—-
342 2347 390 2379 13.
418 2348 436 2376 4
458 2350 628 2386 Verbigena
656 2352 764 2387 gratis.
787 2366 823 2370 -
846 2352 952 2379 Dieser
979 2352 1039 2379 und
1060 2352 1107 2380 die
1128 2353 1300 2389 folgenden,
1328 2353 1485 2384 derselbeu

716 139 972 174 —185—

508 230 621 272 Stupet
649 235 700 267 hic
726 237 863 268 mundus
889 238 1026 278 siletque
1052 244 1176 278 natura,

504 279 595 319 Quod
622 283 692 315 luce
719 293 832 317 carens
858 286 1005 325 abortivo
1031 297 1112 328 puer

505 327 624 362 Cernat
649 332 787 364 invisum
814 334 1022 375 innotumque
1047 342 1168 375 noscat,

647 379 750 423 Colat,
778 382 903 416 adoret.

466 487 473 493 .
501 462 595 496 Solus
622 470 734 498 erutus
761 468 885 508 legibus
912 474 1045 502 naturae

500 511 658 553 Donoque
684 513 787 547 fretus
813 517 950 549 numinis
977 518 1137 551 charisma

501 558 623 592 Nactus
650 566 699 594 est
723 564 829 596 adhue
854 565 1042 605 septiforme
1068 570 1150 600 sacri

646 610 741 642 Lucis
768 612 931 652 inexpers.

465 717 472 725 .
501 693 601 726 Iubar
626 698 732 728 emisit
759 700 894 731 rutilans
920 701 974 733 lux
1003 711 1087 741 vera,

499 741 562 774 Hic
589 753 724 784 namque
751 747 828 778 solis
854 749 971 780 sideris
998 751 1039 782 ad
1067 752 1172 783 instar

498 790 607 822 Praeit
634 795 758 825 aeterni
785 799 888 827 ortum
916 797 1026 837 sicque
1053 808 1158 840 regem

644 842 766 873 Praeco
794 845 975 877 caelestem.

463 950 470 958 .
498 926 595 958 Ortus
623 931 671 958 est
697 928 804 960 infans
832 932 1019 972 angelorum
1047 942 1188 970 consors,

496 974 581 1007 Sono
607 975 748 1008 laetetur
772 979 914 1010 carmine
941 989 1010 1011 cum
1040 982 1126 1013 dulci

496 1022 615 1054 Turma
644 1023 759 1060 fidelis,
789 1025 976 1059 blandiatur
1002 1029 1071 1066 tibi,

642 1073 780 1104 Parvule
807 1075 951 1113 pulcher.

493 1155 611 1188 Iubilet
638 1159 740 1189 omnis
769 1160 911 1198 synodus
939 1161 971 1192 in
998 1167 1071 1194 ortu

492 1204 635 1244 Parvuli,
662 1216 724 1246 quo
751 1207 805 1238 lux
833 1209 939 1248 magni
966 1213 1187 1249 praecursoris

493 1252 621 1284 Nemini
650 1255 740 1286 dedit
767 1256 887 1288 exitum
916 1258 1030 1290 maiori

639 1303 740 1335 Omne
767 1313 825 1344 per
851 1306 963 1337 solum.

491 1387 563 1419 Non
592 1388 657 1423 lux,
685 1390 742 1421 sed
770 1391 877 1423 lumen
905 1397 1037 1432 eratque
1064 1394 1205 1433 lucerna,

490 1436 597 1468 Corda
621 1438 822 1477 perlustrans
848 1440 1006 1481 nubilosa,
1034 1442 1120 1474 velut

490 1484 614 1516 Radius
642 1486 763 1518 micans
791 1488 901 1520 lucens
928 1493 957 1520 et
984 1490 1103 1530 ignitus

634 1534 791 1567 Flaminis
818 1537 900 1577 igne.

488 1620 547 1657 Da,
576 1626 686 1653 sancte
712 1628 815 1662 pater,
841 1623 984 1665 baptista
1008 1625 1178 1666 Iohannes,

486 1668 651 1701 Mentibus
678 1672 797 1703 nostris
824 1671 944 1705 fontem
972 1674 1038 1706 veri
1066 1674 1141 1707 boni

485 1718 605 1757 Iugeri,
633 1728 758 1759 quoque
785 1721 974 1754 anhelantes
1000 1723 1094 1764 iunge

631 1767 764 1800 Gratiae
791 1773 874 1802 tuae.

486 1853 632 1894 Suscipe,
660 1865 787 1897 precor,
815 1858 955 1897 gratiose
983 1867 1099 1897 comes,

483 1903 568 1934 Vota
593 1908 783 1944 precantum
810 1912 841 1937 et
869 1905 1011 1939 nefanda
1038 1913 1184 1940 nostrum

485 1951 640 1984 Precibus
667 1953 730 1985 tuis
759 1955 929 1987 deleantur
956 1960 1071 1988 cuncta

630 2001 773 2034 Crimina
799 2004 910 2043 gratis.

480 2089 565 2131 Tibi,
594 2099 650 2121 rex
679 2090 817 2130 Christe,
846 2091 944 2123 decus
972 2096 1001 2123 et
1029 2096 1183 2132 potestas,

479 2137 593 2170 Honor
619 2142 649 2170 et
678 2139 780 2171 virtus
806 2140 911 2180 sitque
935 2140 1030 2181 patri,
1060 2150 1130 2173 cum
1158 2151 1220 2181 quo

478 2185 614 2227 Semper
640 2191 672 2219 et
698 2192 810 2219 sancto
836 2187 965 2220 flamine
992 2198 1051 2230 per
1077 2194 1191 2221 cuncta

624 2235 759 2268 Saecula
786 2245 935 2277 regnans.

1470 2317 1487 2335 Α)

147 2389 200 2416 Hs.
239 2392 467 2416 entnommenen
502 2389 643 2424 Hymnen
677 2389 786 2417 riihren
821 2400 880 2417 von
915 2392 1009 2418 einen]
1043 2391 1379 2421 Franziskanerdichter
1414 2395 1482 2423 her:

147 2428 331 2464 „Sequentes
346 2428 448 2455 laudes
462 2428 510 2455 vel
526 2427 651 2463 hymnos
667 2437 720 2456 seu
731 2431 903 2466 sequentias
915 2429 952 2456 ad
963 2429 1105 2465 honorem
1117 2431 1327 2467 gloriosissimi
1340 2433 1485 2462 Iohannis

146 2468 302 2503 Baptistae
323 2467 492 2502 composuit
513 2466 634 2502 quidam
655 2468 746 2495 frater
767 2469 913 2496 minorum
935 2469 1060 2497 devotus
1082 2469 1241 2497 ei11sden1.“
