1653 2656
730 141 982 176 —156—

588 236 654 266 262.
695 234 737 266 De
757 243 783 265 s.
805 234 939 274 Geor-gio
960 232 1125 265 Suellensi.

206 329 236 360 1.
262 328 342 366 Ave,
369 326 497 366 praesul
524 326 709 363 Suellensis,
886 327 917 358 3.
945 325 971 357 O
998 323 1076 355 felix
1102 322 1248 364 pontifex
1275 326 1395 362 noster,

308 375 409 407 Deum
437 383 563 413 semper
590 374 737 414 diligens,
994 372 1190 412 Angelorum
1215 371 1368 409 concivis,

263 423 394 454 Habens
420 422 571 461 linguam,
601 421 694 460 bone,
721 421 805 452 ensis
946 420 1006 460 Qui
1031 428 1159 459 semper
1185 418 1275 451 fuisti
1301 423 1395 458 pater

309 471 399 501 Viam
429 469 486 501 Dei
515 469 663 508 edocens„
993 467 1254 507 Succurreusque
1279 467 1416 505 miseris,

263 518 397 557 Propter
422 517 505 556 quod
525 525 558 548 es
575 525 645 548 cum
664 516 826 547 immensis
943 516 1041 555 Quem
1069 515 1209 555 portavit
1236 520 1290 547 tua
1316 518 1419 546 mater

308 566 450 605 Regnum
477 565 538 597 Dei
565 564 743 604 possidens.
995 563 1145 595 Sanctum
1170 572 1298 604 semper
1323 563 1355 594 in
1381 562 1478 594 ulnis.

201 662 233 692 2.
261 661 308 692 Tu
334 661 365 691 in
393 660 511 691 mundo
538 660 674 691 docuisti
889 662 920 692 4.
952 659 1108 691 Pastorali
1134 659 1304 698 insignitus

308 708 477 739 Dominum
507 708 650 747 diligere,
993 707 1095 738 Huius
1121 707 1207 738 sedis
1231 707 1355 745 baculo‚

262 756 323 788 Per
349 765 448 796 opera
474 756 699 787 demonstrasti
945 755 1080 795 Gregem
1106 763 1213 795 pasce,
1239 764 1301 795 quo
1328 753 1458 786 fulcitus

307 804 359 835 Ad
387 804 492 835 caelos
518 803 693 834 ascendere
992 803 1047 843 Es,
1076 803 1207 834 caelesti
1232 803 1360 844 pabulo,

260 850 454 891 Semperque
480 851 654 891 invigilasti
948 851 1045 883 Placa
1072 851 1173 882 Deum
1200 859 1261 882 non
1289 850 1407 881 oblitus

310 899 485 938 Languidis
511 908 689 930 occurrere.
999 899 1175 931 Providere
1200 898 1329 939 populo.

544 997 574 1027 5.
604 994 697 1034 Laus,
726 994 826 1024 virtus
852 998 882 1024 et
909 994 1011 1024 honor
1035 994 1102 1025 Deo

647 1042 693 1074 Sit
721 1042 806 1081 patri
831 1041 981 1082 ingenito,

599 1089 743 1120 Flamine
769 1093 799 1119 et
826 1088 1001 1129 Nazaraeo,

647 1136 753 1168 Patris
778 1136 951 1176 unigenito,

599 1185 657 1222 Qui
686 1184 741 1215 dat
766 1192 875 1224 pacem
903 1193 972 1215 cum
999 1188 1131 1224 tropaeo

647 1231 784 1271 Georgio
809 1231 930 1264 inclito.

280 1325 395 1360 Apodix
425 1326 591 1352 sanctitatis
618 1334 640 1350 s.
669 1325 787 1360 Georgii
811 1326 972 1352 Suellensis
995 1327 1124 1361 episcopi
1147 1330 1223 1353 auct.
1247 1327 1293 1354 Fr.
1317 1328 1406 1353 Dima
1429 1327 1513 1362 Serpi

204 1363 373 1390 Calaritauo
395 1364 428 1390 O.
450 1364 521 1390 Min.
544 1365 627 1396 impr.
649 1364 759 1390 Romae
783 1362 863 1390 1609.
879 1378 915 1382 —
930 1364 972 1390 Er
993 1365 1057 1390 teilt
1078 1365 1169 1391 leider
1191 1374 1245 1392 nur
1266 1366 1313 1392 ein
1329 1365 1513 1392 Bruchstiivk

200 1401 250 1427 des
273 1402 422 1428 Offic-iums
451 1403 518 1428 mit:
549 1411 599 1435 „ex
622 1403 684 1435 ipso
707 1402 844 1435 originali
867 1403 896 1428 in
918 1402 1036 1428 archivo
1059 1411 1082 1428 s,
1104 1404 1347 1438 metropolitanae
1371 1404 1513 1430 ecclesiae

201 1440 388 1466 t'alaritanae
416 1440 563 1466 recondito
594 1439 787 1471 extractum‘*;
816 1440 950 1466 dassellae
978 1441 1018 1466 sei
1047 1441 1143 1474 gleich
1170 1442 1242 1468 nach
1273 1442 1338 1469 dem
1361 1442 1441 1469 Tode
1463 1442 1514 1468 dus

200 1478 337 1512 Heiligen
358 1476 455 1507 (1117)
475 1479 504 1504 in
526 1478 576 1504 der
597 1486 709 1513 ganzen
731 1479 853 1505 Diocese
877 1480 905 1505 in
921 1479 1233 1513 G1·1·1·a11cl1,‹‚rewos0n.
1250 1496 1284 1498 —
1301 1481 1362 1507 Das
1377 1480 1514 1508 Officium

200 1517 275 1550 zeigt
298 1516 495 1550 rhythmische
516 1516 612 1543 Teile:

277 1564 320 1590 Ad
341 1564 510 1597 Magnificat
533 1565 560 1590 in
587 1563 610 1590 1.
632 1564 735 1598 Vespa

276 1621 371 1648 Hodie
393 1622 537 1656 Georgius
961 1622 999 1648 Et
1022 1623 1062 1649 ibi
1085 1624 1220 1658 superius

314 1660 450 1686 Pontifex
473 1660 643 1688 Suellensis,
1001 1661 1159 1687 Dominum
1183 1662 1294 1688 exaltat

273 1697 429 1724 confessor
450 1699 594 1733 egregius.
962 1699 1001 1726 Et
1021 1699 1107 1726 corde
1129 1701 1253 1726 interius

315 1736 455 1763 Laetatur
477 1737 505 1762 in
529 1736 652 1762 excelsis
1000 1738 1092 1764 Deum
1115 1738 1290 1773 magnificat.

633 1904 699 1936 263.
742 1905 782 1936 De
804 1907 912 1936 sancto
935 1907 1075 1946 (iem-gio.

697 1966 746 1992 Ad
769 1967 1004 1994 Nocturnum.

199 2053 230 2085 1.
258 2050 386 2093 Georgii
413 2053 524 2085 militia
881 2056 913 2088 3.
941 2054 1027 2095 opes
1054 2065 1184 2096 magnas
1211 2057 1418 2100 distribuens,

257 2101 340 2132 Latii
369 2101 443 2132 vicit
469 2102 545 2133 vitia
938 2103 1078 2134 Mortem
1105 2114 1164 2144 pro
1190 2105 1258 2137 Deo
1285 2106 1408 2148 sitiens,

256 2149 352 2189 Regis
378 2158 566 2181 succurrens
591 2149 688 2190 filiae,
940 2152 1002 2183 Pro
1027 2155 1059 2182 te
1085 2153 1224 2193 complet
1250 2155 1450 2197 martyrium,

252 2196 412 2236 Splendor
431 2201 591 2237 paternae
615 2197 750 2237 yloriae.
943 2198 1078 2239 Christe,
1108 2201 1290 2242 redemptor
1315 2204 1475 2237 omnium.

195 2293 226 2324 2.
254 2289 404 2325 Efficitur
430 2292 588 2334 Georgius
882 2297 914 2328 4.
944 2292 1024 2336 Regi
1052 2301 1183 2329 aeterno
1211 2299 1363 2337 militanS,

257 2340 466 2373 Praedicator
492 2342 647 2381 egregius,
941 2344 1058 2376 Hostes
1083 2350 1214 2378 cunctos
1239 2348 1461 2388 suppeditans,

253 2388 350 2427 Quem
376 2390 552 2422 illustravit
579 2390 711 2422 caelitus
942 2392 994 2424 Sic
1021 2398 1140 2434 pugnat
1167 2395 1389 2436 invictissime,

253 2436 285 2468 A
306 2440 403 2477 patre
427 2438 626 2479 unigenitus.
942 2439 1033 2473 Caeli
1060 2441 1151 2475 Deus
1176 2444 1391 2480 sanctissime.
