1653 2656
796 80 837 85 —
894 74 936 98 tu
989 82 1031 88 —
1407 76 1462 98 'T

700 212 755 243 ΙΙθ.
797 212 839 244 De
861 214 971 244 saneta
991 215 1124 254 Agnete.

253 299 286 330 1.
310 299 363 331 Ad
388 299 513 332 laudem
541 302 586 332 tui
612 303 757 344 nominiS‚
938 307 968 338 5.
996 306 1086 346 Quod
1115 315 1248 340 cernens
1273 309 1330 342 ille
1355 310 1470 346 fortius

310 347 336 379 Ο
364 348 483 390 Agnes,
511 358 626 389 expers
651 351 804 390 criminis,
997 353 1159 387 Gravatur
1184 360 1281 397 atque
1305 360 1452 399 protinus

310 394 436 435 Sponsa
462 397 522 428 Dei
549 402 579 428 et
605 398 751 436 hominis,
994 402 1031 434 In
1059 404 1142 435 lecto
1169 405 1287 438 clamat
1312 407 1419 446 altius,

309 442 463 476 Cantetur
488 446 622 485 hymnus
649 447 795 481 celebris.
994 450 1044 482 Ex
1071 461 1133 492 quo
1158 452 1195 484 fit
1221 459 1314 494 pater
1339 457 1462 490 anxius.

248 539 279 572 2,
306 538 395 569 Haec
421 540 478 570 tibi
506 546 612 572 natum
640 543 772 582 virginis
935 547 965 579 6.
994 547 1115 579 videns
1140 553 1246 581 autem
1272 552 1357 591 quod
1383 553 1476 593 alius,

307 585 415 626 Elegit
439 597 477 619 ex
504 589 667 621 cunabulis
992 594 1099 626 Donet
1125 601 1199 629 vota
1225 599 1276 630 vel
1302 601 1428 640 melius,

306 633 343 665 In
363 644 523 675 sponsum,
551 647 641 676 quem
662 648 739 678 prae
759 641 873 672 ceteris
992 642 1062 674 Non
1090 650 1235 685 prosunt,
1263 649 1368 688 coepit
1397 650 1515 684 diutius

304 682 433 713 Amavit
461 684 549 724 virgo
575 686 699 718 nobilis.
993 690 1110 723 Vexari
1135 697 1231 733 atque
1257 695 1378 731 duriuS.

249 777 279 808 3.
308 776 391 808 Dum
416 788 433 809 a
459 779 576 811 scholis
603 783 782 821 revertitur,
932 787 962 818 7.
989 788 1173 829 Auditaque
1200 791 1364 829 iactantia,

309 825 371 857 Cor
396 826 528 865 virginis
555 830 741 870 concutitur,
988 837 1055 876 Qua
1081 847 1114 868 se
1141 839 1269 871 Domini
1297 839 1416 874 famula

304 872 401 910 Quam
429 883 487 913 per
510 876 624 908 multos
651 878 823 917 alloquitur
987 884 1035 915 De
1062 887 1171 924 sponsi
1197 888 1245 918 sui
1274 889 1361 921 curia

303 919 492 960 Ostendens,
520 924 603 962 quod
630 927 835 964 promittitur.
987 931 1138 965 Exsultat
1163 944 1318 974 spernens
1344 938 1418 980 alia,

245 1018 277 1045 4.
306 1015 432 1054 Spreto,
460 1018 614 1058 quidquid
641 1022 830 1064 ostenditur,
928 1027 958 1059 8.
988 1027 1192 1069 Repertoque
1219 1035 1380 1065 contraria

305 1062 400 1094 Velut
424 1064 534 1103 lutum,
561 1067 643 1105 quod
671 1069 792 1104 teritur.
985 1075 1066 1106 Esse
1094 1077 1154 1108 diis
1181 1079 1374 1120 christicola,

303 1110 412 1149 Agnes
437 1121 594 1152 nunquam
622 1116 794 1150 seducitur.
986 1123 1125 1156 Probata
1150 1127 1211 1157 iam
1240 1131 1420 1163 constantia

303 1156 404 1190 Donis
430 1169 488 1190 nec
514 1161 606 1192 minis
632 1162 779 1197 flectitur.
984 1170 1074 1212 Eius,
1102 1171 1204 1205 fertur
1228 1179 1394 1210 sententia.

607 1260 636 1290 9.
666 1260 711 1290 Sit
739 1262 875 1295 trinitati
900 1265 1001 1305 gloria

665 1307 751 1339 Sicut
778 1315 807 1340 et
834 1311 903 1344 laus
927 1320 1091 1357 perpetua,

666 1355 725 1386 Per
750 1366 842 1396 quam
870 1360 901 1391 in
929 1362 995 1394 eius
1022 1366 1108 1397 curia

662 1402 785 1442 Regnat
814 1408 919 1447 Agnes
945 1419 1003 1449 per
1029 1415 1165 1449 saecula.

310 1489 394 1515 Brev.
416 1491 602 1520 massiliense
627 1496 694 1530 imp.
718 1498 851 1533 Lugduni
877 1500 956 1530 1526.
977 1519 1014 1523 —
1037 1506 1062 1538 6,
1086 1507 1098 1534 1
1122 1509 1211 1538 aliud.
1234 1527 1269 1531 —
1293 1517 1317 1546 ti,
1341 1514 1359 1543 2
1382 1517 1493 1546 Donec.
1510 1535 1545 1539 —

233 1523 257 1552 7.
280 1523 298 1552 2
319 1528 401 1560 Quae
423 1538 461 1556 se.
484 1545 519 1549 —
541 1530 566 1563 9,
588 1532 605 1559 3
627 1535 689 1560 eius
710 1536 812 1568 gloria.

670 1693 719 1724 ΙΙΙ.
762 1696 802 1726 De
825 1701 932 1730 sancto
953 1702 1098 1736 Amando.

236 1774 266 1805 1.
293 1774 362 1805 Ave
385 1782 487 1816 pater,
514 1785 624 1818 pastor
650 1789 766 1818 noster.
915 1792 946 1823 3.
973 1794 1001 1823 A
1029 1795 1190 1833 primaevo
1216 1811 1329 1843 nempe
1354 1806 1431 1840 flore

335 1823 480 1861 ΡΟΠῘῘῙΘΧ
507 1829 640 1868 egregie,
1019 1850 1128 1875 sacrae
1154 1851 1320 1891 pueritiae,

284 1870 354 1900 Ave
381 1880 472 1904 carus
498 1883 588 1907 amor
612 1882 730 1915 noster,
973 1887 1117 1922 Maribus
1141 1903 1250 1928 aevum
1277 1902 1377 1934 senile

334 1918 427 1950 dulce
452 1930 565 1954 nomen
591 1924 748 1964 Amande‚
1019 1938 1102 1970 visus
1129 1942 1207 1983 esst)
1234 1949 1401 1991 attingere,

283 1966 352 1997 Ave
378 1969 507 2006 praesul
533 1970 663 2026 gloriae,
966 1983 1078 2016 Multis
1104 1994 1134 2019 et
1161 2000 1301 2026 normam
1330 2001 1485 2038 praebere

328 2022 456 2055 semper
480 2023 706 2055 amantlssme.
1014 2033 1176 2071 perfectae
1202 2040 1351 2078 iustitiae.

221 2107 253 2140 2.
280 2107 355 2140 Iure
379 2110 437 2142 tibi
463 2112 593 2145 laudum
619 2117 718 2148 melos
905 2125 937 2157 4.
963 2125 1039 2158 Mox
1066 2130 1224 2169 signorum
1249 2139 1394 2178 gloriosis

328 2160 526 2192 concinendo
551 2164 728 2204 pangimus,
1009 2184 1190 2212 muneratus
1216 2186 1327 2228 titulis,

277 2203 339 2236 Sed
367 2207 541 2247 condignas
567 2214 655 2242 tanto
681 2214 766 2252 patri
962 2220 1176 2264 Triumphalis
1203 2232 1291 2272 signo
1318 2242 1421 2273 crucis

327 2252 413 2286 serre
439 2255 550 2289 landes
576 2260 751 2315 nequimus,
1008 2279 1143 2312 anguem
1170 2287 1295 2314 saevum
1322 2292 1460 2327 proteris

273 2300 378 2332 Corde
405 2307 510 2336 tamen
537 2307 621 2346 quod
647 2314 799 2348 gestimus
962 2315 1119 2359 verbique
1146 2325 1262 2360 virtute
1288 2335 1382 2373 pellis

322 2349 445 2388 plectro
471 2352 598 2394 linguae
621 2357 803 2395 promimus.
1006 2365 1103 2407 Ogiae
1130 2371 1169 2403 de
1195 2379 1348 2415 terminis.
