1653 2656
791 109 1028 144 -78-

711 211 772 242 124.
813 211 855 243 De
876 212 986 243 sancta
1006 212 1105 243 Anna.

250 294 281 328 1.
310 295 459 328 Exsultet
484 297 576 336 plebs
602 297 742 330 fidelium

307 344 420 375 Annae
446 344 589 377 referens
616 347 777 388 gaudium,

307 391 388 423 Dum
416 392 495 424 haec
520 398 593 432 post.
620 395 704 426 vitae
730 396 836 428 stadia

306 439 434 470 Transit
460 441 500 472 ad
525 442 608 472 vitae
635 443 761 482 gaudia.

247 525 278 557 2.
303 525 449 557 Caeleste
474 525 662 559 beneficium

306 572 407 604 Nobis
435 570 483 616 [fit
509 571 556 618 in]
585 576 770 617 remedium⁷

306 620 383 651 Cum
410 621 488 653 haec
514 631 551 654 ex
578 624 673 655 Anna
698 625 849 665 nascitur,

307 667 371 698 Per
395 678 488 708 quam
514 670 646 702 libertas
673 672 830 706 redditur.

246 754 275 785 3.
303 754 395 785 Felix
422 757 527 789 Anna.
554 765 634 795 quae
660 759 767 797 genuit

305 801 410 840 Illam⁷
437 811 495 842 per
520 813 612 842 quam
640 815 697 836 nos
724 807 812 838 exuit

303 849 331 880 A
359 851 482 889 peccati
511 852 646 891 caligine

305 896 390 928 Deus
416 903 507 929 natus
535 899 574 930 de
600 900 732 940 virgine.

935 303 966 335 4.
993 301 1043 333 Ex
1068 302 1163 334 Anna
1184 303 1285 342 surgit
1312 303 1439 344 virgula

994 350 1105 382 Totius
1132 349 1207 382 boni
1233 351 1382 394 primula,

998 398 1094 438 Virgo
1117 407 1274 438 generans
1300 398 1411 439 filium,

999 446 1136 477 Nostrae
1162 447 1276 478 salutis
1301 448 1452 487 pretium.

931 534 962 565 5.
990 533 1088 572 Quam
1117 532 1194 564 felix
1221 537 1309 565 terra
1335 533 1462 576 fertilis,

993 583 1061 619 Qua
1088 581 1190 612 crevit
1215 582 1306 621 spica
1331 582 1459 621 nobilis,

992 628 1134 660 Granum
1161 628 1311 661 frumenti
1338 631 1484 671 protulit,

993 676 1083 714 Quod
1111 686 1168 708 sua
1194 683 1296 709 morte
1323 679 1468 714 contulit,

933 763 963 794 6.
993 762 1077 793 Laus
1105 763 1147 794 sit
1175 772 1302 804 semper
1327 765 1469 805 ingenito

990 810 1132 850 Eiusque
1158 811 1330 853 unigenito,

989 858 1049 897 Qui
1074 862 1165 890 natus
1192 864 1239 891 est
1267 860 1306 892 de
1332 861 1465 902 virgine,

990 905 1061 937 Una
1088 915 1156 938 cum
1181 913 1293 940 sancto
1318 908 1458 942 flamine.

320 982 403 1009 Brev.
431 992 482 1009 ms.
504 983 687 1012 Lexoviense
717 995 792 1014 saec.
823 987 864 1014 15.
887 989 956 1016 Cod.
979 990 1134 1018 Cadomen.
1161 991 1198 1019 24
1223 991 1314 1027 (1V0.
1346 993 1398 1027 19).
1421 1012 1458 1016 —
1484 994 1515 1029 3,
1543 995 1561 1024 3

245 1021 381 1052 peccatis.

704 1127 765 1158 125.
807 1128 849 1158 De
873 1131 982 1161 sancta
1003 1132 1099 1162 Anna.

741 1188 782 1214 In
812 1187 835 1214 1.
864 1189 1054 1225 Vesperis.

243 1266 275 1299 1.
303 1267 425 1309 Gaude,
452 1273 555 1302 mater
581 1272 685 1311 Anna,

302 1314 424 1354 Gaude,
452 1322 554 1350 mater
579 1325 700 1359 sancta,

302 1362 377 1394 Cum
405 1365 448 1396 sis
476 1365 534 1396 Dei
562 1366 647 1398 facta

301 1409 455 1443 Genetrix
481 1413 562 1446 avia.

242 1495 271 1526 2.
302 1495 422 1528 Plaude
449 1498 505 1529 tali
532 1503 636 1539 natae,

300 1543 423 1583 Virgini
451 1546 584 1586 Mariae,

300 1590 377 1622 Eius
404 1593 547 1632 genitore

298 1639 437 1670 Ioachim
467 1643 630 1681 congaude

239 1724 270 1756 3.
299 1726 334 1756 In
362 1725 421 1756 hac
447 1732 555 1759 nostra
582 1732 667 1762 terra

298 1773 405 1805 Primo
433 1774 611 1814 benedicta,

297 1822 382 1860 Quae
409 1820 469 1853 fuit
495 1823 527 1854 in
552 1824 623 1856 Eva

295 1869 459 1908 Quondam
486 1872 666 1905 maledicta.

928 1279 960 1310 4.
987 1279 1074 1319 Ergo
1100 1289 1188 1312 sume
1214 1282 1336 1325 laudes,

984 1327 1068 1366 Quas
1095 1328 1206 1360 damus
1233 1336 1375 1372 ovantes,

985 1373 1050 1405 Nos
1077 1375 1117 1406 ab
1144 1378 1229 1408 omni
1256 1380 1352 1411 sorde

985 1421 1051 1453 Tun
1079 1432 1176 1463 prece
1202 1430 1301 1467 terge.

954 1532 958 1537 .
989 1507 1064 1539 Cum
1092 1510 1133 1540 sit
1160 1511 1217 1542 tibi
1244 1517 1337 1546 notus

986 1555 1156 1589 Muliebris
1182 1568 1288 1599 sexus,

986 1602 1074 1635 Scias
1100 1606 1244 1639 misereri

985 1651 1177 1691 Supplicans
1204 1658 1362 1696 regnanti.

948 1761 955 1768 .
983 1736 1030 1768 Sit
1057 1738 1125 1770 laus
1153 1741 1220 1773 Deo
1246 1745 1343 1784 patri,

984 1785 1111 1818 Summo
1139 1788 1267 1822 Christo
1295 1793 1403 1836 decus,

984 1832 1119 1872 Spiritui
1144 1842 1255 1870 sancto

983 1880 1099 1913 Trinus
1127 1883 1228 1917 honor
1252 1896 1343 1922 unus

310 1955 396 1981 Brev.
413 1956 602 1985 Xantonense
624 1959 693 1995 imp.
709 1960 839 1989 Pictavii
862 1962 941 1991 1542.
958 1982 994 1985 —
1009 1967 1136 1996 Melodie
1147 1969 1317 2003 jedenfalls:
1339 1975 1415 2004 Ave
1436 1980 1529 2006 mari
1540 1989 1553 2007 s

234 1992 356 2019 stella.

691 2111 750 2142 126.
792 2110 833 2143 De
854 2116 964 2145 sancta
984 2117 1083 2149 Anna.

759 2172 801 2198 In
827 2173 1031 2203 Laudibus.

234 2251 263 2284 1.
292 2252 316 2284 O
344 2263 437 2293 quam
464 2253 545 2288 felix
571 2257 750 2298 coniugium

292 2302 405 2333 Annae
432 2303 525 2335 simul
552 2308 584 2336 et
607 2306 790 2339 Ioachium!

292 2348 386 2381 Caste
413 2351 524 2383 vivunt
549 2357 729 2396 octogenos,

291 2396 408 2430 Dolent
435 2404 539 2432 tamen
567 2406 651 2434 totos
676 2412 788 2438 annos,

921 2263 954 2295 2.
982 2264 1090 2305 Longo
1117 2267 1196 2308 legis
1221 2274 1396 2312 opprobrio

981 2311 1121 2345 Subsunt
1149 2318 1252 2360 ambo,
1278 2323 1336 2354 sed
1362 2327 1485 2359 orando

982 2360 1169 2395 Meruerunt
1197 2374 1379 2408 exoptatam

982 2409 1108 2441 Prolem
1133 2411 1203 2445 Deo
1230 2416 1423 2455 dedicatam.
