1653 2656
695 159 737 164 —
793 140 859 175 193
912 162 954 167 -

370 231 424 263 12.
452 232 538 273 Tibi,
566 244 623 268 rex
651 236 791 279 Christe,
821 239 918 271 decus
944 244 977 271 et
1002 245 1156 281 potestas,

447 280 561 314 Honor
587 289 618 314 et
644 285 746 317 virtus
772 286 877 326 sitque
902 289 1000 327 patri,
1028 298 1098 321 eum
1125 301 1187 332 quo

447 328 583 370 Semper
609 336 640 364 et
666 338 778 366 sancto
803 333 932 367 flamine
958 345 1016 377 per
1042 344 1156 371 cuncta

504 378 640 412 Saecula
666 390 791 422 regnas,

230 458 315 487 cant.
330 469 384 488 ms.
400 462 590 491 Franciscan.
606 474 682 493 saec.
701 465 743 494 15.
760 468 830 494 Cod.
847 469 990 497 Marciau.
1007 471 1041 497 It.
1056 472 1108 502 lx.
1127 472 1189 500 145.
1202 489 1239 493 —
1250 473 1277 508 6,
1293 474 1310 502 2
1325 485 1426 504 ermes.
1443 492 1476 496 —

154 496 316 562 ”Seqlmmcf
348 498 384 527 de
418 501 520 529 eodem
552 503 678 538 hymnus
713 506 749 532 ad
782 506 892 534 laudes.
923 508 963 535 Et
989 513 1125 538 cantatur
1153 513 1183 539 in
1211 516 1281 541 tono
1310 515 1482 549 Virginis

149 543 217 569 pro
246 545 290 563 es.

484 631 553 661 324.
595 632 637 663 De
659 642 682 663 s.
703 633 842 666 Iohanne
865 635 1160 676 Bridlingtoniensi.

150 706 180 738 1.
208 707 306 740 Alma
333 714 436 741 mater
463 712 599 744 ecelesia
845 718 876 749 4.
905 717 1033 757 Expers
1059 721 1182 758 peccati
1212 722 1352 762 scrupuli

209 756 461 797 Congratuletur
486 760 564 800 filio,
905 765 1060 798 Columna
1086 768 1120 799 fit
1147 769 1303 801 ecclesiae

205 805 305 844 Quem
333 806 444 839 divina
470 808 642 842 clementia
905 814 1020 854 Sicque
1048 815 1087 846 de
1114 817 1180 848 luto
1207 818 1294 857 figuli

208 853 296 884 Caeli
322 854 427 886 iunxit
453 856 600 898 collegio.
903 861 1077 895 Formatur
1106 864 1137 895 in
1165 875 1221 897 vas
1247 866 1378 905 gloriae.

140 938 175 970 2.
203 939 299 971 Hunc
325 947 513 974 senescente
539 945 668 976 saeculo
841 949 871 979 5.
903 949 1017 980 Parent
1044 950 1145 989 ipsius
1172 952 1322 991 precibus

204 987 326 1020 Contra
352 999 454 1022 noxas
481 992 657 1024 remedium
900 997 1018 1038 Morbi,
1047 1007 1145 1037 mare,
1174 1000 1342 1033 daemonia

203 1036 377 1068 Iohannem
405 1038 497 1071 dedit
522 1041 643 1080 populo
897 1045 995 1084 Quem
1023 1046 1113 1077 unxit
1140 1056 1218 1086 prae
1245 1051 1446 1082 consortibus

203 1084 303 1127 Iesus,
331 1086 476 1118 salvator
499 1088 650 1121 omnium.
899 1092 1039 1131 Spiritus
1066 1096 1168 1126 saneti
1195 1097 1309 1136 gratia.

136 1170 168 1204 3.
198 1170 335 1203 Indutus
363 1173 447 1204 stola
474 1172 582 1214 fragili
835 1181 866 1212 6.
895 1180 1079 1218 Precamur‚
1107 1186 1218 1214 sancta
1245 1184 1382 1217 trinitas,

194 1218 420 1259 Fragilitatem
448 1222 537 1253 exuit
894 1228 938 1260 Ut
965 1237 1021 1259 nos
1048 1238 1065 1260 a
1092 1234 1194 1261 morte
1221 1232 1343 1272 triplici

194 1267 237 1298 Et
264 1268 331 1299 eius
357 1270 456 1301 menti
484 1270 593 1302 stabili
894 1275 1071 1308 Conservet
1097 1282 1152 1309 tua
1178 1279 1304 1312 bonitas

195 1315 365 1349 Charisma
393 1317 543 1350 Christus
569 1319 684 1353 influit.
893 1322 1045 1357 Iohannis
1071 1329 1345 1368 prece-supplici.

209 1401 291 1428 Orat.
322 1411 376 1429 ms.
409 1403 546 1431 Carthus.
579 1406 732 1433 Colonien.
766 1416 841 1434 saec.
879 1407 920 1435 15.
953 1408 1024 1436 Cod.
1056 1410 1209 1439 colonien.
1241 1410 1286 1439 28.
1318 1429 1356 1432 —
1386 1413 1413 1446 2,
1449 1415 1459 1442 1

128 1440 222 1506 >bunc5
240 1456 296 1505 tT
330 1439 356 1473 6,
388 1440 406 1467 2³,
437 1451 490 1469 sua
524 1444 650 1471 bonitas.
682 1460 718 1464 —
752 1447 813 1478 „De
847 1454 949 1474 sancto
981 1449 1121 1481 Iohanne,
1155 1452 1251 1486 priore
1282 1453 1461 1488 regularium

130 1477 141 1504 1
166 1499 172 1505 .
197 1482 204 1503 ί
224 1488 238 1506 c
256 1499 262 1505 .

546 1573 614 1604 325.
656 1573 697 1604 De
719 1582 742 1604 s.
766 1575 903 1606 Iohanne
925 1576 1047 1617 Evang.

361 1653 389 1684 1.
418 1652 588 1695 Iohannes,
616 1655 716 1697 virgo,
745 1656 863 1688 dilecte
889 1667 908 1689 a
934 1659 1084 1700 Domino,

417 1701 513 1733 Verbi
539 1704 672 1743 superni
698 1713 716 1736 a
742 1709 837 1745 patre
864 1707 1027 1747 progeniti

414 1749 561 1783 Gratiam
587 1751 678 1784 nobis
706 1753 883 1793 deprecare
910 1756 1047 1795 miseris,

414 1798 457 1830 Ut
484 1800 547 1831 tuis
573 1809 701 1841 semper
726 1802 932 1836 sublevemur
958 1805 1092 1839 meritis,

354 1888 385 1920 2.
415 1886 512 1919 Cuius
540 1888 640 1921 exivit
666 1899 762 1923 sonus
788 1891 820 1923 in
848 1891 928 1924 fines
954 1897 1071 1935 terrae,

408 1935 631 1977 Evangelista‚
660 1939 791 1971 deitatis
818 1941 995 1981 symmista.

409 1984 510 2017 Oratu
539 1989 594 2018 tuo
619 1987 740 2029 obtine,
768 1989 910 2021 reatibus

411 2033 541 2066 Nostris
567 2035 713 2076 ignoscat
738 2041 773 2069 ut
800 2047 925 2070 summa
951 2039 1132 2071 clementia.

352 2122 383 2154 3.
412 2121 461 2153 Sit
488 2122 560 2163 tibi,
587 2123 671 2167 Iesu,
700 2124 873 2158 benedicte
900 2126 1048 2167 Domine,

409 2169 533 2211 Gloria,
562 2172 676 2212 virtus,
704 2173 807 2206 honor
834 2178 866 2205 et
892 2174 1062 2214 imperium

410 2219 484 2252 Una
511 2229 581 2252 cnm
608 2224 704 2262 patre
729 2225 907 2262 sanctoque
934 2223 1104 2264 paraclito,

409 2267 487 2299 Cum
515 2268 630 2308 quibus
656 2279 772 2311 regnas
799 2270 888 2302 Deus
915 2275 989 2302 ante
1015 2271 1156 2303 saecula.

185 2352 290 2380 Diurn.
313 2355 343 2380 et
363 2352 463 2388 hymn.
492 2362 546 2380 mS.
569 2354 719 2382 Benedict.
742 2355 856 2383 Suecic.
881 2365 957 2383 saec.
983 2354 1026 2383 15.
1051 2357 1120 2383 Cod.
1137 2356 1279 2392 Upsalen.
1296 2356 1397 2386 0477.
1414 2374 1447 2378 -—

105 2388 132 2423 2,
167 2388 185 2418 2
215 2391 395 2419 divinitatis.
423 2406 460 2409 —
487 2392 546 2420 Die
576 2396 654 2422 erste
681 2393 738 2421 Str.
772 2394 869 2422 dieses
895 2395 1032 2430 Hymnus
1063 2395 1178 2423 kommt
1213 2397 1289 2423 auch
1321 2398 1351 2424 in
1382 2397 1448 2426 dem

103 2429 242 2465 Hymnus
276 2430 424 2458 Andrea
457 2430 610 2459 Christi
644 2436 860 2461 sanctorum
897 2435 1104 2462 mitissime
1142 2443 1207 2467 vor,
1242 2436 1347 2472 gehfirt.
1378 2438 1449 2465 aher

100 2468 275 2497 demselben
296 2469 380 2497 nicht
410 2470 622 2507 urspriinglich
643 2480 690 2499 an.

162 2520 204 2543 Dr
213 2528 226 2543 e
237 2528 252 2543 v
262 2528 276 2543 e
285 2528 297 2543 s
307 2540 312 2548 ,
331 2520 434 2549 Hymni
456 2519 563 2543 Inediti
590 2521 667 2545 V111.
1238 2522 1272 2552 13
