1653 2656
689 143 731 149 —
786 124 852 158 107
904 142 950 147 —-

174 247 183 256 .
210 221 398 263 Precamur‚
424 225 461 254 ut
485 220 684 263 liberrimus,
847 223 879 254 6.
908 220 1004 260 Laus,
1031 219 1135 251 virtus
1161 221 1257 258 atque
1281 216 1386 257 gloria

214 271 283 303 Iam
310 268 482 311 perfruens
509 269 713 308 caelestibu8‚
907 268 958 300 Sit
982 267 1122 299 trinitati
1148 266 1298 303 maxima,

214 317 283 350 Nos
309 327 328 350 a
355 318 521 358 culparum
549 317 685 350 nexibus
909 316 1006 348 Cuius
1033 318 1187 355 reguntur
1213 313 1319 345 omnia

214 365 327 399 Solvat
352 365 457 398 beatis
483 366 647 407 precibuS.
910 364 999 396 Nutu
1026 363 1163 404 benigno
1190 363 1329 394 saecula.

227 462 310 490 Pass.
333 471 376 489 ms
398 461 602 489 Mortaniense
624 469 699 488 saec.
724 458 768 487 12.
791 459 861 488 Cod.
883 460 1077 494 Rotomagen.
1100 456 1173 486 1394
1193 459 1231 489 (U
1256 455 1329 488 119).

586 603 646 634 182.
690 603 731 634 De
754 605 861 634 sancto
885 601 1054 634 calimero.

180 722 185 728 .
214 694 338 726 Fidelis
364 694 463 726 vitam
490 694 643 734 martyris
854 696 885 726 5.
914 693 1001 725 Sicut
1029 691 1163 732 optabat
1189 691 1319 731 iugiter,

214 742 351 784 Hymnis
378 751 545 774 narremus
573 742 702 781 debitis,
914 741 1034 774 Urbem
1063 740 1166 780 liquit,
1194 743 1229 770 ut
1256 738 1415 779 creditur,

214 791 397 823 Laudemus
423 800 547 831 quoque
574 790 708 831 gloriam
905 791 1004 830 Quem
1031 785 1192 832 doneis[!]
1220 787 1372 826 deseruit,

214 840 311 881 Regis
338 839 457 871 excelsi
487 840 636 872 nominis,
907 837 1127 870 Mediolanum
1153 836 1269 876 tetigit.

180 961 187 970 .
215 937 348 968 Romam
376 936 493 976 petivit
516 936 622 967 editus
851 937 882 968 6.
910 934 958 967 Ob
985 943 1078 974 quem
1105 933 1205 972 surgit
1234 931 1405 972 episcopus

216 984 411 1017 Graecorum
439 994 521 1024 puer
545 984 702 1024 partibuS,
912 982 1125 1014 Castritianus
1153 984 1301 1011 strenuus

216 1033 324 1065 Vitam
351 1041 508 1073 spernens
536 1041 703 1064 erroneam
911 1030 1014 1062 Huius
1041 1029 1131 1061 urbis
1157 1037 1195 1060 ac
1222 1027 1349 1068 recipit,

216 1081 329 1115 Cultor
356 1081 415 1113 Dei
445 1080 637 1115 Calimerus.
910 1080 1009 1118 Quem
1036 1085 1253 1109 successorem
1284 1075 1412 1108 meruit.

182 1204 188 1211 .
217 1178 268 1212 Ad
298 1187 392 1218 quam
427 1178 546 1218 degens
575 1186 644 1208 cum
672 1176 789 1217 gaudio
853 1176 884 1207 7.
912 1175 1072 1206 Damnato
1098 1177 1171 1213 post
1198 1170 1359 1203 Calimero

215 1227 357 1259 Monitus
384 1236 403 1258 a
429 1225 640 1265 Telesphoro,
913 1223 1075 1262 Principis
1101 1230 1156 1252 ore
1182 1220 1311 1260 turgido

216 1274 314 1307 Urbis
340 1275 505 1307 Romanae
532 1273 693 1314 praeside,
914 1271 1034 1303 Christi
1063 1278 1160 1310 penes
1186 1268 1318 1301 oracula

216 1323 405 1356 Sanctorum
433 1323 469 1355 fit
498 1323 528 1354 in
556 1331 699 1354 numero.
914 1321 1035 1359 Captus
1062 1318 1183 1358 recepit
1211 1320 1403 1348 extremum.

182 1446 189 1453 .
218 1420 361 1460 Sequens
387 1419 441 1459 qui
469 1419 566 1450 vitam
594 1417 754 1458 praesulis
852 1417 884 1450 8.
912 1416 994 1454 Heu,
1022 1415 1076 1446 vix
1104 1422 1274 1446 reservans
1302 1412 1429 1444 animas

218 1469 279 1500 Dei
305 1472 392 1500 tutus
419 1467 592 1508 praesidiis
912 1466 975 1497 Pro
1003 1464 1063 1495 viri
1093 1462 1296 1502 contumelia,

219 1516 341 1551 Urbem
370 1516 477 1556 coepit
504 1516 663 1556 deserere,
912 1512 1062 1544 Redemit
1089 1520 1168 1551 quos
1194 1511 1226 1541 in
1253 1510 1431 1551 lavacrum,

216 1565 262 1599 Ut
287 1564 383 1597 fidem
411 1568 556 1605 praestet
581 1563 664 1596 aliis,
912 1560 1054 1601 Sumpsit
1080 1568 1204 1591 mersus
1231 1559 1262 1590 in
1290 1561 1435 1598 puteum.

562 1662 592 1694 9.
621 1660 733 1692 Gloria
760 1659 830 1699 tibi,
859 1658 1004 1691 Domine.

232 1758 317 1786 Brev.
336 1767 388 1785 ms.
405 1757 635 1785 Ambrosianum
658 1764 736 1782 saec.
755 1754 797 1782 15.
814 1755 885 1782 Cod.
902 1755 1040 1791 Borgian.
1056 1754 1096 1780 M.
1112 1754 1149 1782 ΙΙ,
1166 1751 1212 1780 20.
1232 1767 1266 1770 —
1282 1751 1307 1785 5,
1324 1749 1341 1778 2
1362 1750 1495 1787 reliquit.

605 1898 667 1930 183.
710 1899 751 1930 De
773 1899 881 1930 sancto
904 1897 1046 1929 Catervo.

684 1971 736 1999 Ad
764 1971 964 2006 Vesperas.

184 2091 191 2098 .
221 2065 388 2101 CatervuS,
415 2061 465 2094 vir
491 2060 649 2102 egregius,
858 2060 888 2092 3.
917 2057 1026 2089 Turba
1052 2060 1235 2088 sanctorum
1262 2054 1377 2086 iubilet

219 2112 328 2145 Hodie
354 2120 423 2142 cum
450 2110 575 2142 laetitia
917 2107 953 2138 In
979 2106 1039 2137 hac
1066 2105 1118 2137 die
1144 2103 1322 2136 laetissima

220 2162 371 2202 Adeptus
398 2163 447 2190 est
474 2159 622 2199 superius
916 2156 965 2187 Ac
993 2154 1079 2186 dulci
1106 2162 1183 2185 voce
1210 2152 1335 2184 nuntiet

216 2210 362 2244 Aeterna
391 2207 516 2240 Christi
541 2215 693 2238 munera.
917 2203 1023 2235 Beata
1049 2202 1143 2234 nobis
1168 2200 1305 2242 yaudia.

183 2334 190 2342 .
218 2307 306 2341 Almi
332 2305 426 2338 huius
452 2303 626 2344 praeconia
860 2302 893 2333 4.
920 2300 962 2332 Et
989 2308 1047 2331 nos
1075 2308 1144 2330 cum
1171 2297 1236 2328 illis
1262 2296 1382 2328 merita

220 2358 382 2391 canamus
412 2352 509 2385 claris
535 2351 680 2391 vocibus,
919 2348 1023 2380 Huius
1051 2347 1111 2379 viri
1138 2345 1338 2378 sanctissime

217 2406 261 2438 Et
288 2406 328 2438 de
354 2403 422 2435 eius
449 2400 567 2433 militia
921 2397 994 2430 Tibi
1023 2400 1186 2428 cantemus
1213 2394 1335 2432 inclita,

215 2453 367 2488 Exsultet
392 2449 518 2483 eaelum
545 2448 711 2483 laudibus.
917 2447 1008 2479 Deus
1034 2447 1176 2486 may'nae
1195 2443 1378 2484 potentiae.
