1653 2656
691 127 948 162 —175—

378 225 557 268 Marmora,
585 226 730 264 virtutes,
757 233 926 265 personae,
953 224 1107 256 materiae
1132 228 1209 258 tres,

428 273 552 314 Hisque
577 273 648 306 Deo
674 274 795 314 templa
820 277 994 313 praeparat
1019 273 1090 312 ipse
1116 272 1190 305 tria.

379 322 467 354 Mira
493 323 580 354 salus
605 322 696 362 pueri
722 322 812 363 prius
839 326 888 352 est
912 325 1040 353 ostensa
1067 319 1206 361 parenti,

297 368 353 404 10.
429 369 571 402 Suffocat
596 371 680 402 bunc
710 369 842 409 ferrum,
870 369 935 402 fert
961 369 1052 409 Hugo
1079 368 1288 408 praesidium.

379 417 560 450 Daemones
587 419 638 450 hic
665 423 763 457 arcet,
791 417 921 450 furiosis
947 417 1114 449 commoda
1137 416 1281 457 praebet,

430 468 539 506 Atque
565 466 673 498 fluens
700 467 804 498 oleum
831 465 1025 506 glorificavit
1051 474 1133 497 eum.

380 514 525 546 Prandia
548 515 740 557 postposuit,
767 523 877 554 regum
906 515 979 545 dum
1006 513 1120 545 funera
1146 512 1266 553 condit,

429 562 563 594 Talibus
590 561 707 594 officiis
732 563 848 594 institit
875 563 945 602 ipse
969 562 1041 601 piis.

298 610 354 642 15.
383 611 489 650 Ipsius
516 620 555 642 ex
582 611 695 642 merito
722 610 801 642 felix
830 611 996 642 Lincolnia
1022 609 1117 649 sistit,

430 660 530 698 Quam
560 659 661 690 voluit
686 659 808 690 tumulo
835 658 1005 690 nobilitare
1031 667 1098 690 suo¹

382 706 542 749 Gaudeat,
570 707 717 746 ecelesia,
743 715 824 746 quae
850 710 940 738 tanto
967 706 1114 745 praesule
1140 704 1246 745 floret,

427 756 496 794 Quo
522 759 615 795 patre
642 755 813 787 Uarthusia
842 755 991 794 praedita
1017 754 1101 785 laeta
1127 752 1221 784 foret.

382 803 407 836 O
435 808 529 843 pater
556 804 693 844 egregie,
720 808 846 834 nostras
875 803 930 834 has
957 803 1083 841 suscipe
1111 810 1204 832 voces

294 852 352 883 20.
429 851 649 892 Terrificoque
676 852 728 883 die
755 860 811 883 nos
838 860 936 891 super
961 855 1049 882 astra
1075 851 1172 882 loces·

225 956 364 983 Process.
395 966 446 982 mS.
474 957 686 983 Lincolnieuse
715 964 791 983 saec.
824 954 866 982 15.
898 955 970 982 Cod·
998 955 1133 981 Vatican.
1157 953 1256 980 Ottol».
1284 949 1349 978 308.
1373 967 1407 970 ί
1430 951 1491 977 Auf

149 995 253 1023 diesen
282 995 420 1030 Hymnus
449 995 523 1031 folgt
551 995 626 1022 noch
654 996 703 1022 ein
731 995 925 1030 Responsum
958 994 1006 1027 „in
1033 993 1157 1019 introitu
1185 990 1302 1022 chorst,
1336 989 1489 1016 vielleicht

150 1037 248 1062 einem
270 1033 489 1061 Reimoffieium
510 1037 711 1061 entnommen:

562 1102 647 1128 Diem
668 1101 774 1128 festum
797 1100 981 1127 celebrantes

600 1140 736 1166 sollemni
762 1139 879 1165 laetitia

561 1177 729 1205 Salvatoris
752 1185 966 1213 prosequamur

602 1217 742 1244 laudibus
765 1216 924 1251 magnalia,

562 1257 621 1290 Qui
644 1257 801 1291 Hugonem
824 1255 981 1290 insignivit

599 1294 773 1321 multiformi
795 1295 902 1329 gratia.

485 1364 519 1390 V.
561 1362 739 1390 Pontificum
762 1361 894 1389 baculus,

601 1401 811 1428 monachorum
834 1410 944 1434 norma,
968 1399 1136 1426 scholarum

563 1441 730 1472 Comultor,
753 1449 852 1474 regum

602 1479 726 1505 malleus
748 1479 837 1514 Hugo
859 1478 922 1504 fuit.

579 1632 650 1663 300.
692 1632 735 1663 De
757 1634 864 1662 sancto
887 1629 1072 1670 Hyacintho.

689 1713 739 1740 Ad
761 1713 961 1748 Vesperas.

429 1817 461 1850 1.
488 1814 633 1848 Vocibus
660 1813 784 1845 caelum
812 1814 942 1843 resonat
968 1809 1106 1847 canoris,

489 1863 646 1897 Caelitum
671 1871 790 1902 sacras,
823 1860 1018 1900 Hyacinthe,
1045 1858 1140 1889 sedes

488 1912 571 1945 Dum
599 1911 684 1952 petis
710 1910 786 1941 bino
812 1908 982 1941 redimitus
1008 1907 1093 1939 alma

582 1960 744 2001 Tempora
769 1962 867 1990 serto.

428 2066 461 2099 2.
490 2063 640 2105 Sedibus,
668 2064 790 2101 sancte,
819 2059 946 2100 superis
974 2058 1116 2089 locatum

489 2112 607 2152 Angeli
632 2110 778 2150 laudant,
806 2113 903 2148 caput
931 2111 1019 2138 astra
1046 2106 1187 2146 cingunt,

489 2162 564 2202 Ora,
592 2159 694 2201 frons,
723 2161 837 2198 peetus
864 2155 971 2188 rutilis
998 2156 1169 2186 coruscant

583 2208 685 2240 Plena
710 2205 906 2247 hyacinthis.

434 2312 466 2344 3.
494 2309 592 2348 Ecce,
618 2308 669 2340 bis
696 2316 773 2340 seno
799 2305 952 2346 proprior
977 2303 1090 2344 lapillo

492 2357 614 2390 Factus
641 2366 674 2388 es
703 2356 812 2388 divum
839 2353 924 2393 lapis
949 2352 1142 2393 amethysto,

495 2405 694 2439 Flammulas
717 2405 848 2436 mittens
878 2401 993 2434 rubeas
1019 2401 1137 2432 amoris

586 2454 702 2486 Cordis
729 2453 770 2484 ab
797 2452 882 2492 igne.
