1653 2656
716 141 976 176 —288—

585 254 654 285 484.
695 253 736 284 De
757 261 797 283 ss.
819 251 941 284 Simone
965 253 997 283 et
1018 250 1104 282 Iuda.

189 349 219 382 1.
247 347 415 379 Exultctur
441 344 527 376 istud
555 343 668 375 festum
875 344 907 376 4.
935 342 1101 374 Dezaroen
1128 339 1292 372 maleficus

246 395 287 427 Et
315 395 436 425 coletur
461 397 525 424 tam
552 392 717 423 honestum
933 390 977 421 Et
1001 387 1140 421 Arfaxat
1167 388 1353 429 maledicus,

249 443 384 481 Diesque
410 440 626 480 apostolorum
935 438 995 476 Qui
1025 437 1189 468 Persidam
1216 435 1428 468 foedaverant

245 490 287 521 Et
313 489 499 529 martyrium
526 497 643 519 eorum.
932 485 975 517 Et
1001 485 1097 516 idolis
1123 483 1349 516 fundaverant..

188 578 222 609 2.
252 576 318 607 Hoc
347 580 392 606 est
420 574 555 606 Simonis
582 578 613 605 et
639 574 750 609 Iudae,
877 575 908 606 5.
938 572 1132 603 Veneremur
1158 580 1234 611 ergo
1260 571 1367 602 cuncti

249 623 323 655 Nati
355 632 392 653 ex
420 623 538 652 semine
564 622 673 659 Iudae.
940 621 976 652 In
1004 619 1064 651 hoc
1090 618 1173 650 festo
1199 628 1256 650 nos
1283 618 1454 660 coniuncti,

250 672 309 703 Per
338 680 389 701 eos
417 670 564 703 Christus
590 669 731 700 noscitur
935 669 980 702 Ut
1007 677 1077 699 cum
1104 668 1150 698 eis
1176 667 1382 707 gaudeamus,

247 719 287 750 Et
315 727 388 749 vere
414 718 501 749 Deus
528 717 653 749 colitur.
935 717 1038 749 Deum
1065 720 1188 756 patrem
1216 715 1400 748 habeamus,

191 807 222 838 3.
253 805 522 837 Praedicaverunt
550 804 673 843 Syriam
877 804 908 836 6.
936 803 1005 834 Hoc
1030 805 1173 842 praestet
1196 811 1319 833 summa
1345 801 1472 832 trinitas

251 853 362 884 Totam
389 852 544 890 simulque
571 852 747 890 Persiilam,
937 850 1099 890 Simulque
1126 859 1187 881 una
1215 849 1327 891 deitas,

253 899 386 939 Propter
413 908 518 930 eorum
547 900 659 930 merita
935 899 1022 937 Quae
1050 897 1126 929 vivit
1153 898 1185 929 in
1212 901 1402 937 perpetuum

252 947 303 979 Sic
330 947 470 978 haeresis
496 950 544 977 est
570 947 670 978 irrita.
937 946 1030 977 Nunc
1057 950 1088 976 et
1114 954 1172 986 per
1197 954 1289 976 omne
1315 945 1488 977 saeculum.

267 1032 373 1066 Hymn.
406 1041 456 1057 ms.
489 1033 516 1058 S.
539 1032 615 1057 Petri
644 1031 730 1057 Mart.
753 1031 871 1058 Utinen.
893 1039 967 1057 saec.
994 1029 1036 1057 16.
1059 1030 1128 1057 Cod.
1151 1030 1269 1057 civitat.
1293 1030 1413 1058 Utinen.
1435 1039 1458 1057 s.
1479 1039 1506 1056 n.

589 1172 656 1202 485.
698 1171 738 1201 De
760 1179 799 1201 ss.
821 1170 942 1201 Simone
965 1172 996 1201 et
1018 1170 1102 1201 Iuda.

193 1262 227 1293 1.
256 1261 381 1293 Laudes
407 1262 511 1292 cuncti
540 1261 696 1292 concinite
878 1264 908 1293 5.
937 1261 1170 1293 Praeiiuntiant
1195 1262 1334 1301 apostoli

252 1310 477 1348 Apostolorum
505 1310 640 1341 Simonis
937 1306 1034 1350 Duci‚
1059 1310 1084 1339 si
1113 1309 1273 1340 Christum
1300 1314 1461 1351 agnoscat,

252 1357 294 1388 Et
321 1357 427 1395 Iudae,
454 1357 527 1396 quia
554 1360 721 1387 coruscant
937 1357 1119 1388 Advenient
1144 1358 1175 1388 in
1203 1358 1377 1389 erastinum

253 1404 371 1435 Horum
399 1409 487 1443 gesta
514 1404 690 1444 magnifica.
937 1405 1048 1444 Legati
1077 1405 1157 1436 bona
1184 1411 1340 1444 gerentes.

192 1491 223 1523 2.
251 1491 295 1521 At
320 1490 453 1529 ingressi
480 1490 638 1529 regionem
878 1492 907 1522 6,
936 1490 1014 1521 Tum
1042 1492 1208 1531 sexaginta
1234 1492 1321 1524 milia

252 1537 332 1568 Dum
361 1537 391 1568 hi
418 1536 551 1568 fuissent
580 1537 739 1577 Persides,
937 1538 1106 1569 Hominum
1138 1539 1276 1579 demptis
1303 1541 1456 1583 parvulis,

253 1584 356 1624 Fugos
382 1585 545 1624 reperiunt
572 1594 678 1624 magos
936 1585 1091 1625 Exceptis
1117 1587 1303 1619 mulieribus

253 1633 388 1665 Cunctos
415 1641 561 1663 caecasse
587 1633 692 1666 idolis.
937 1634 985 1664 Ac
1011 1643 1067 1665 rex
1095 1634 1286 1674 baptismum
1312 1640 1486 1670 assumunt.

882 1721 897 1749 *l

191 1719 221 1751 3.
250 1718 361 1749 Statim
390 1718 529 1757 ligantur
555 1718 652 1756 idola,
903 1741 910 1748 .
938 1719 1123 1751 llluminant
1149 1721 1193 1752 ibi
1221 1730 1341 1764 caecos,

250 1765 415 1804 Responsa
441 1766 517 1796 dare
544 1766 689 1803 vetitam,
937 1767 1047 1798 Surdis
1075 1772 1239 1808 praestant
1266 1771 1420 1810 auditum,

249 1813 410 1844 Mirantur
436 1822 559 1852 quoque
586 1813 695 1853 populi
937 1814 1087 1846 Gressum
1115 1816 1234 1848 donant
1261 1818 1394 1861 claudis,

251 1860 327 1892 Cum
357 1861 436 1892 duce
462 1866 555 1900 atque
582 1860 756 1901 praefecto.
937 1862 1151 1895 Credentibus
1177 1865 1255 1896 dant
1280 1865 1467 1911 miran[da].

189 1949 220 1978 4.
249 1947 336 1978 Tunc
364 1947 437 1978 Indi
464 1947 495 1978 in
523 1948 683 1986 regionem
876 1949 909 1980 8.
938 1948 1159 1980 Comminuuut
1186 1952 1389 1984 simulacrum

251 1995 412 2026 Persidem
439 2000 534 2034 atque
560 1995 727 2026 Medorum
935 1996 1018 2028 Solis
1045 2001 1075 2027 et
1099 1997 1193 2029 lunae
1220 1998 1387 2043 fulgidum,

250 2042 373 2074 Bellum
400 2051 496 2082 grave
524 2047 770 2074 construxerant
935 2044 1136 2076 Concurrunt
1162 2050 1238 2078 tunc
1264 2049 1432 2087 pontifices

249 2090 290 2121 Et
317 2091 373 2122 hos
401 2091 482 2122 velle
508 2099 676 2130 occupare.
935 2091 1070 2132 Templi,
1098 2099 1213 2126 necant
1238 2097 1411 2136 apostolos,

538 2178 569 2209 9.
596 2177 657 2214 En,
685 2177 776 2208 miles
803 2176 923 2209 Christi
949 2177 1064 2217 fidelis,

593 2225 780 2256 Abhorrens
807 2233 934 2265 semper
958 2225 1056 2266 idola,

595 2273 746 2313 Martyrii
771 2273 910 2313 palmam
937 2272 1053 2316 ferens,

593 2321 783 2360 Triumphat
809 2330 878 2352 cum
905 2323 1068 2362 apostolis.

265 2406 348 2432 Brev.
377 2415 428 2433 ms.
459 2407 685 2433 Ambrosianum
711 2414 787 2433 saec.
812 2405 854 2433 15.
874 2406 945 2435 Cod.
967 2408 1132 2444 Borgianus
1155 2411 1185 2438 M
1206 2413 1235 2440 ΙΙ
1261 2412 1306 2441 20.
1330 2432 1364 2435 —
1387 2415 1407 2443 4
1437 2415 1455 2444 2
1476 2421 1506 2446 et

185 2444 346 2471 Medorum.
369 2459 405 2463 —
429 2443 452 2474 Τ,
476 2443 493 2471 2
514 2445 585 2472 fehlt
606 2446 680 2477 eine,
706 2443 731 2476 7,
753 2442 771 2472 3
792 2446 863 2472 zwei
886 2445 988 2473 Silben
1009 2455 1055 2473 am
1078 2448 1177 2476 Verse.
1409 2438 1414 2450 ’
