1653 2656
685 167 848 202 —286
899 183 943 190 -

520 271 551 300 5.
579 267 663 298 Laus
688 265 729 296 sit
755 263 841 304 patri
865 261 1006 302 ingenito

578 315 752 352 Honorque
777 310 951 351 unigenito,

580 362 691 394 Gloria
715 364 825 392 sancto
850 357 981 395 flamini,

581 411 685 442 Decus
712 406 855 448 sigfrido
880 404 1032 446 praesuli,

238 518 355 553 Legpud
385 526 435 543 ηις.
466 515 617 542 Laurentii
647 512 757 538 odonis
786 512 947 545 Lincopen.
975 516 1050 534 saec.
1082 504 1156 532 ¹⁴s15.
1184 504 1253 532 Cod.
1285 503 1426 531 Dresdeu.
1457 502 1480 529 A

164 558 226 586 182.
255 558 287 583 A.
311 571 345 574 —
367 556 423 582 Ant
451 558 479 581 et
507 553 603 587 hymn.
632 552 773 578 sear-:nse
801 558 875 576 saec.
903 545 960 582 [14‚
982 544 1023 581 et]
1048 544 1091 572 15.
1114 544 1185 571 Cod-
1210 543 1349 579 Upsalen.
1371 544 1393 569 C
1415 539 1480 568 422.

162 599 195 624 B.
218 610 252 614 —
276 597 359 622 Brev.
387 596 526 619 Scarcnse
555 593 625 625 imp.
648 589 860 623 Norimbergae
885 584 967 613 1493.
989 586 1020 612 C.
1042 597 1079 602 —-
1102 582 1127 613 l,
1149 580 1167 609 3
1188 581 1295 608 Saeuis
1318 582 1350 614 B,
1372 580 1480 608 Suenis

162 639 192 663 ti
216 650 250 654 -—
271 633 296 660 2.
326 632 342 659 '2
373 632 446 658 fudit
474 631 533 656 AB.
562 644 587 646 -
614 627 640 656 2,
669 628 686 652 2)»

714 627 807 653 sancti
836 625 968 652 numinis
990 624 1023 650 B.
1044 636 1081 640 —
1102 620 1128 653 2,
1149 620 1168 647 4
1194 620 1277 647 fulsit
1298 621 1328 647 in
1350 618 1481 646 tenebris

165 675 195 700 Β.
212 687 246 692 ν-
264 672 289 703 4,
315 670 331 698 *2
353 671 458 696 miszus
479 672 523 695 est
544 668 575 695 C.
591 681 627 685 —
645 666 671 697 5,
696 665 707 692 1
733 666 811 692 Laus
834 664 911 699 patri
933 663 971 688 sit
992 663 1032 694 B;
1053 662 1093 687 sit
1114 660 1190 695 patri
1212 660 1252 685 sit
1273 659 1373 694 genito
1395 656 1426 684 C.
1442 670 1481 675 —

163 711 189 741 5,
211 710 228 737 2
250 712 351 737 Honor
376 710 412 734 sit
436 709 465 733 B.
488 721 523 725 —
545 706 604 732 Aus
628 707 649 732 C
671 705 718 731 bei
740 703 910 737 Klemming
930 702 952 733 1,
976 698 1038 727 152.

595 893 656 924 481.
700 893 741 923 De
763 894 870 922 sancto
892 889 1041 930 Sigt'rido.

705 971 752 998 Ad
783 970 937 998 Laudes.

173 1087 204 1117 1.
233 1083 353 1122 Ignitus
380 1085 489 1112 sancto
514 1078 639 1110 fiamine

231 1133 273 1163 Et
300 1130 360 1161 Dei
386 1133 488 1160 tactus
515 1126 632 1158 famine

232 1176 390 1217 Sigfridus
417 1181 541 1215 gentem
568 1174 730 1213 propriam

230 1227 429 1264 postponens
454 1223 521 1253 adit
547 1222 704 1253 Sueciam.

174 1333 205 1364 2.
235 1330 306 1361 Illic
331 1337 435 1369 regem
463 1336 532 1358 cum
559 1326 676 1366 populo

236 1378 380 1408 Potatum
409 1375 531 1406 fraudis
558 1374 671 1413 poculo

235 1425 359 1456 Invenit
386 1428 415 1454 et
442 1422 615 1459 condoluit,

236 1472 325 1510 Quod
354 1472 429 1502 haee
456 1479 531 1510 gens
559 1470 635 1501 deos
661 1469 769 1500 coluit.

179 1578 210 1609 3.
237 1576 313 1607 Mox
338 1584 432 1606 unum
460 1575 559 1605 Deum
591 1573 757 1612 praedicat

241 1623 321 1663 Regi
347 1622 432 1653 fatur
459 1626 489 1652 et
516 1621 649 1661 indicat⁷

241 1671 399 1707 Salvatur,
427 1670 479 1709 qui
507 1669 681 1700 crediderit

239 1718 487 1757 Baptizatusque
514 1716 620 1749 fuerit.

854 1080 886 1109 4.
914 1076 1047 1115 Rigatus
1074 1074 1172 1106 verbo
1199 1074 1273 1104 tidei

915 1124 1032 1155 Olavus
1058 1122 1092 1153 fit
1120 1122 1224 1153 cultor
1250 1121 1321 1159 Dei,

915 1171 978 1202 Cor
1003 1170 1162 1210 praebens
1188 1174 1299 1200 sancto
1327 1168 1471 1207 dogmati

917 1219 1040 1251 Collum
1067 1217 1176 1249 subdit
1202 1216 1400 1256 baptismati.

860 1327 891 1357 5.
920 1323 1080 1363 Sigfridus
1108 1323 1212 1354 dictus
1239 1320 1372 1361 signifer

919 1372 960 1403 Et
988 1371 1049 1403 Dei
1075 1379 1169 1402 verus
1195 1370 1335 1409 armiger

919 1420 1052 1451 Hostem
1078 1418 1195 1450 stravit
1220 1418 1381 1457 nequitiae

920 1467 1053 1498 Gentem
1081 1466 1248 1506 baptizans
1276 1465 1419 1497 Sueciae.

870 1574 895 1604 ⁶.
923 1572 1007 1603 Laus
1033 1572 1118 1611 patri
1144 1572 1185 1602 sit
1212 1571 1353 1612 ingenito

922 1619 1095 1659 Honorque
1123 1619 1284 1658 unigento,

923 1667 1036 1698 Gloria
1062 1671 1172 1698 sancto
1198 1665 1330 1702 flamini,

924 1714 1030 1746 Decus
1057 1713 1200 1754 Sigfrido
1226 1714 1378 1753 praesuli.

256 1822 384 1857 Legend.
413 1831 464 1847 ms.
493 1821 645 1847 Laurentii
674 1820 785 1847 Odonis
812 1821 972 1855 Lincopen.
1000 1827 1076 1845 saec.
1103 1817 1176 1845 ¹⁴!15.
1206 1818 1276 1845 Cod.
1304 1818 1444 1845 Dresden.
1468 1818 1494 1845 A

179 1860 242 1888 182.
271 1862 304 1887 A.
329 1875 359 1879 -—
383 1861 450 1886 Ant.
479 1864 506 1885 et
534 1859 631 1893 hymn.
659 1867 711 1885 ms.
740 1858 882 1885 Searense
911 1867 985 1885 saec.
1015 1855 1065 1892 [14
1085 1854 1124 1892 et]
1150 1855 1193 1883 15.
1215 1857 1284 1883 Cod.
1309 1857 1448 1892 Upsalen.
1471 1857 1494 1884 C

178 1898 243 1926 422.
272 1897 303 1925 B.
325 1913 361 1917 —-
382 1899 467 1925 Brev.
497 1900 637 1924 Scarense
667 1898 734 1932 imp.
762 1897 973 1932 Norimbergae
1004 1894 1085 1922 149³:
1113 1896 1145 1922 C.
1166 1909 1202 1913 —
1223 1893 1249 1921 2,
1271 1894 1288 1922 3
1311 1896 1417 1922 salvus
1439 1896 1496 1922 erit

178 1940 228 1974 qui
259 1937 412 1964 crediderit
440 1936 495 1963 AC.
519 1951 550 1955 —
575 1934 601 1965 4,
627 1934 644 1963 3
674 1944 756 1962 sacro
785 1935 816 1962 C.
838 1950 874 1954 —
894 1933 922 1969 4,
947 1934 965 1961 4
992 1934 1106 1961 Collum
1128 1934 1275 1961 submittit
1296 1934 1353 1961 AC.
1376 1949 1411 1953 -—
1433 1935 1494 1961 Aus

181 1978 203 2003 C
226 1977 272 2003 bei
298 1976 464 2011 Klemming
485 1976 506 2008 1,
532 1972 592 2001 159.

608 2135 676 2166 482.
719 2135 759 2166 De
781 2135 888 2165 saneto
909 2133 1058 2174 Sigfrido.

719 2215 770 2242 Ad
796 2214 950 2241 Laudes.

187 2324 216 2356 1.
245 2322 371 2354 Laudes
397 2326 492 2362 atque
517 2322 687 2362 praeconia

242 2371 360 2402 Dulces
387 2371 504 2410 promit
530 2369 705 2401 Werendia

244 2418 361 2450 Sancto
387 2418 529 2460 Sigfrido
555 2418 682 2450 conscia

244 2466 422 2499 Concentus
448 2471 479 2498 et
504 2469 657 2499 aromata.

870 2323 902 2354 2.
928 2321 978 2353 Ex
1005 2322 1091 2353 cuius
1116 2322 1297 2363 eloquentia

928 2370 1108 2402 Irradiatur
1133 2370 1258 2413 Saenia,

927 2417 1005 2449 Tam
1030 2419 1145 2451 nobilis
1171 2421 1357 2462 praesentia

928 2467 1079 2499 vexionis
1103 2469 1247 2503 ecclesia.
