1653 2656
736 155 997 191 —132—

212 266 242 298 5.
269 263 412 302 Ipsorum
440 264 532 300 pater
558 258 702 292 Baccius,

270 310 376 342 Mater
401 306 587 340 Lientrudis
614 305 741 341 dicitur,

270 358 407 396 Quorum
435 354 541 395 proles
565 353 693 384 uberius

271 406 339 438 Deo
366 405 481 436 devota
507 401 659 432 noscitur.

211 515 242 545 6.
270 511 418 542 Sanctum
444 511 549 538 tamen
576 504 769 536 Eucharium

267 558 316 590 Ac
343 556 492 587 virtutum
521 553 666 592 opificem

269 604 356 639 Urbs
383 602 522 635 Grandis
546 606 576 631 et
603 598 772 630 confinium

268 652 390 684 Habuit
415 651 446 681 in
473 647 668 688 pontificem.

899 254 930 286 7.
957 251 1099 283 Iulianus
1125 251 1273 288 apostata

957 299 1090 331 Sacrum
1117 299 1213 336 caput
1237 293 1390 327 Eucharii

959 348 1057 380 Sacra
1083 347 1287 376 contemnens
1314 341 1464 382 dogmata

957 393 1133 426 Truncavit
1158 392 1225 423 ictu
1249 389 1360 431 gladii.

895 501 927 534 8.
955 499 1009 531 Sic
1034 497 1160 530 necavit
1185 495 1351 535 Eliphium

953 549 1002 579 Ac
1027 554 1168 577 sororem
1195 543 1381 579 Libariam3

955 595 1026 626 Non
1053 593 1192 625 evadens
1218 590 1372 622 iudicium

952 644 1020 676 Hos
1045 640 1221 673 transmisit
1248 638 1290 670 ad
1318 637 1462 678 gloriam.

551 755 582 787 9.
610 752 707 792 Patri,
735 756 820 783 nato.
848 748 1004 789 paraclito

610 801 705 838 Laus,
733 799 843 837 honor,
871 797 984 833 virtus,
1012 795 1124 834 gloria,

611 848 669 886 Qui
695 856 752 878 nos
778 849 960 876 sanctorum
985 844 1099 874 merito

611 895 769 928 Perducat
795 893 835 925 ad
863 892 1023 924 caelestia.

286 1004 370 1030 Brev.
391 1002 529 1028 Tullense
552 1002 619 1035 imp.
636 999 759 1026 Parisiis
774 997 857 1027 (Rad.
873 998 972 1026 Sutor)
988 993 1069 1022 1510.
1085 994 1119 1020 A.
1134 1007 1170 1011 —
1187 994 1269 1019 Brev.
1287 992 1331 1018 Tu
1343 991 1435 1018 Hense
1452 991 1521 1026 imp.

209 1043 331 1070 Parisiis
360 1042 510 1072 (lligmann
532 1038 613 1065 1511.
636 1038 666 1064 Β.
689 1051 724 1054 —
754 1037 835 1063 BreV.
862 1035 1002 1061 Tullense
1028 1034 1096 1066 imp.
1118 1031 1299 1066 Mus-siponti
1326 1028 1410 1057 1:395.
1432 1030 1464 1056 C.
1485 1041 1523 1047 --

209 1080 234 1111 3.
256 1080 274 1107 4
295 1079 413 1106 Lem-ha
434 1078 492 1105 AC.
514 1091 549 1096 —
571 1076 597 1105 4,
619 1075 637 1102 4
662 1075 771 1101 solacio
795 1075 828 1100 Α.
852 1087 888 1091 -
912 1071 938 1103 9,
957 1071 976 1099 4
996 1071 1133 1098 Perducit
1156 1070 1239 1096 ΑΒΕ.

636 1272 703 1303 224.
744 1271 786 1302 De
807 1272 915 1301 sancto
937 1267 1100 1299 Eunufrio.

706 1360 755 1386 Ad
784 1360 1020 1386 Nocturnum.

210 1472 242 1505 1.
269 1467 484 1504 Anachoritae
511 1468 641 1499 colimus

268 1516 417 1550 Eunusrii
443 1516 607 1547 sollemnia

268 1566 408 1604 Eiusque
435 1565 519 1595 vitae
542 1563 708 1603 pangimus

268 1613 412 1644 Virtutes
438 1617 467 1643 et
494 1611 674 1651 praeconia.

207 1719 239 1751 2.
266 1714 366 1751 Beata
392 1716 472 1748 caeli
498 1715 613 1755 gaudia

266 1765 368 1797 Hoste
394 1764 514 1795 calcato
540 1762 667 1794 fortiter

265 1814 333 1846 Iam
360 1812 504 1852 possidet
529 1811 560 1842 in
587 1810 692 1850 patria

266 1861 342 1893 Cum
370 1860 492 1900 angelis
519 1859 712 1898 perenuiter.

206 1970 237 2001 3.
263 1964 402 2000 Caelesti
428 1966 495 2006 regi
521 1963 688 2004 famulans,

265 2015 390 2055 Spretis
415 2013 525 2045 mundi
552 2012 676 2044 deliciis

264 2063 392 2095 Caduca
419 2065 531 2093 cuncta
557 2069 721 2101 superans,

265 2111 380 2144 Fultus
406 2110 467 2141 Dei
491 2109 654 2140 subsidiis,

893 1467 924 1497 4.
954 1461 1109 1496 Det-orem
1135 1462 1196 1494 Dei
1223 1461 1358 1501 diligens

952 1512 1072 1543 Domus
1098 1515 1129 1542 et
1154 1510 1257 1541 locum
1284 1509 1413 1549 gloriae,

950 1559 1086 1600 Pauper,
1114 1557 1250 1598 caelebs,
1278 1556 1452 1588 oboediens

956 1606 1200 1639 Coenobitarum
1227 1605 1320 1636 serie.

894 1716 925 1745 5.
952 1710 1049 1745 Etate
1072 1720 1151 1751 puer
1177 1711 1290 1742 docilis

951 1761 986 1792 In
1014 1760 1083 1799 lege
1110 1759 1169 1790 Dei
1193 1759 1363 1799 meditans,

950 1808 1078 1838 Virtute
1105 1807 1161 1839 sed
1186 1806 1344 1838 mirabilis

952 1858 1056 1887 Antra
1083 1855 1199 1886 deserti
1225 1854 1384 1894 flagitans.

889 1963 920 1995 6.
949 1959 1068 1995 Fructu
1095 1960 1232 1992 fecundo
1258 1961 1436 2000 praeditus⁷

947 2010 1114 2049 Baptistae
1141 2009 1260 2041 Christi
1288 2009 1415 2044 similis,

946 2058 1060 2090 Heliae
1089 2066 1218 2096 compar
1243 2057 1383 2096 inclitus,

946 2106 1004 2136 Vir
1032 2106 1115 2137 vitae
1141 2105 1345 2137 venerabilis.

595 2215 625 2246 7.
654 2210 794 2247 Gloriam
821 2211 927 2243 laudis
952 2210 1064 2242 inclito

655 2261 744 2294 Patri
769 2260 914 2300 prolique
939 2259 1066 2299 genitae

655 2309 813 2342 Canamus
837 2311 867 2339 et
890 2307 1049 2347 paraclito

652 2358 690 2390 In
713 2357 780 2388 eius
805 2359 916 2388 sancto
939 2355 1049 2388 milite.

282 2465 415 2493 Pontific.
437 2474 490 2492 ms,
510 2463 710 2492 Paulanorum
733 2471 808 2490 saec.
832 2459 875 2488 15.
898 2460 968 2488 Cod.
988 2461 1124 2488 Vatican.
1145 2460 1244 2488 Ottob.
1267 2458 1333 2488 502.
