<?xml version="1.0" encoding="UTF-8"?>
<!DOCTYPE html PUBLIC "-//W3C//DTD XHTML 1.0 Transitional//EN"
    "http://www.w3.org/TR/xhtml1/DTD/xhtml1-transitional.dtd">
<html xmlns="http://www.w3.org/1999/xhtml" xml:lang="en" lang="en">
 <head>
  <title>
</title>
<meta http-equiv="Content-Type" content="text/html;charset=utf-8" />
  <meta name='ocr-system' content='tesseract 3.04.00' />
  <meta name='ocr-capabilities' content='ocr_page ocr_carea ocr_par ocr_line ocrx_word'/>
</head>
<body>
  <div class='ocr_page' id='page_1' title='image "./analectahymnica43drevuoft/analectahymnica43drevuoft_0068.png"; bbox 0 0 1653 2656; ppageno 0'>
   <div class='ocr_carea' id='block_1_1' title="bbox 446 653 1054 690">
    <p class='ocr_par' dir='ltr' id='par_1_1' title="bbox 446 653 1054 690">
     <span class='ocr_line' id='line_1_1' title="bbox 446 653 1054 690; baseline -0.02 1"><span class='ocrx_word' id='word_1_1' title='bbox 446 659 507 690; x_wconf 84' lang='lat'>102.</span> <span class='ocrx_word' id='word_1_2' title='bbox 547 655 674 689; x_wconf 81' lang='lat' dir='ltr'>Litauia</span> <span class='ocrx_word' id='word_1_3' title='bbox 695 653 835 686; x_wconf 81' lang='lat' dir='ltr'><strong>Omnium</strong></span> <span class='ocrx_word' id='word_1_4' title='bbox 859 653 1054 683; x_wconf 84' lang='lat' dir='ltr'>Sanctorum.</span> 
     </span>
    </p>
   </div>
   <div class='ocr_carea' id='block_1_2' title="bbox 133 760 533 898">
    <p class='ocr_par' dir='ltr' id='par_1_2' title="bbox 133 760 533 898">
     <span class='ocr_line' id='line_1_2' title="bbox 133 760 528 800; baseline -0.02 -1"><span class='ocrx_word' id='word_1_5' title='bbox 133 792 140 800; x_wconf 90' lang='lat'>.</span> <span class='ocrx_word' id='word_1_6' title='bbox 167 766 238 798; x_wconf 87' lang='lat' dir='ltr'>Rex</span> <span class='ocrx_word' id='word_1_7' title='bbox 265 763 408 796; x_wconf 86' lang='lat' dir='ltr'>salvator</span> <span class='ocrx_word' id='word_1_8' title='bbox 433 760 528 798; x_wconf 84' lang='lat' dir='ltr'>alme,</span> 
     </span>
     <span class='ocr_line' id='line_1_3' title="bbox 168 813 514 854; baseline -0.02 -8"><span class='ocrx_word' id='word_1_9' title='bbox 168 813 304 854; x_wconf 85' lang='lat' dir='ltr'>Suscipe</span> <span class='ocrx_word' id='word_1_10' title='bbox 330 814 514 842; x_wconf 87' lang='lat' dir='ltr'>nostrarum</span> 
     </span>
     <span class='ocr_line' id='line_1_4' title="bbox 168 860 533 898; baseline -0.025 -2"><span class='ocrx_word' id='word_1_11' title='bbox 168 860 364 896; x_wconf 87' lang='lat' dir='ltr'>Munuscula</span> <span class='ocrx_word' id='word_1_12' title='bbox 390 865 533 898; x_wconf 83' lang='lat' dir='ltr'>precum.</span> 
     </span>
    </p>
   </div>
   <div class='ocr_carea' id='block_1_3' title="bbox 137 954 495 1094">
    <p class='ocr_par' dir='ltr' id='par_1_3' title="bbox 137 954 495 1094">
     <span class='ocr_line' id='line_1_5' title="bbox 137 954 471 998; baseline -0.027 -4"><span class='ocrx_word' id='word_1_13' title='bbox 137 988 142 994; x_wconf 92' lang='lat'><em>.</em></span> <span class='ocrx_word' id='word_1_14' title='bbox 167 959 341 998; x_wconf 78' lang='lat' dir='ltr'>Indulgere</span> <span class='ocrx_word' id='word_1_15' title='bbox 368 954 471 996; x_wconf 79' lang='lat' dir='ltr'>nobis,</span> 
     </span>
     <span class='ocr_line' id='line_1_6' title="bbox 171 1002 495 1041; baseline -0.025 0"><span class='ocrx_word' id='word_1_16' title='bbox 171 1007 292 1041; x_wconf 80' lang='lat' dir='ltr'>Christi</span> <span class='ocrx_word' id='word_1_17' title='bbox 318 1004 364 1036; x_wconf 90' lang='lat' dir='ltr'>tui</span> <span class='ocrx_word' id='word_1_18' title='bbox 391 1002 495 1035; x_wconf 90' lang='lat' dir='ltr'>servis</span> 
     </span>
     <span class='ocr_line' id='line_1_7' title="bbox 171 1051 482 1094; baseline -0.023 -5"><span class='ocrx_word' id='word_1_19' title='bbox 171 1056 302 1089; x_wconf 88' lang='lat' dir='ltr'>Scelere</span> <span class='ocrx_word' id='word_1_20' title='bbox 328 1051 482 1094; x_wconf 85' lang='lat' dir='ltr'>gravatis.</span> 
     </span>
    </p>
   </div>
   <div class='ocr_carea' id='block_1_4' title="bbox 137 1148 530 1289">
    <p class='ocr_par' dir='ltr' id='par_1_4' title="bbox 137 1148 530 1289">
     <span class='ocr_line' id='line_1_8' title="bbox 137 1148 480 1188; baseline -0.029 0"><span class='ocrx_word' id='word_1_21' title='bbox 137 1181 145 1188; x_wconf 92' lang='lat'><strong>.</strong></span> <span class='ocrx_word' id='word_1_22' title='bbox 171 1154 197 1187; x_wconf 92' lang='lat' dir='ltr'>O</span> <span class='ocrx_word' id='word_1_23' title='bbox 224 1155 336 1184; x_wconf 84' lang='lat' dir='ltr'>sancta</span> <span class='ocrx_word' id='word_1_24' title='bbox 362 1148 480 1187; x_wconf 80' lang='lat' dir='ltr'>Maria,</span> 
     </span>
     <span class='ocr_line' id='line_1_9' title="bbox 171 1196 530 1238; baseline -0.025 -4"><span class='ocrx_word' id='word_1_25' title='bbox 171 1201 280 1234; x_wconf 86' lang='lat' dir='ltr'>Mater</span> <span class='ocrx_word' id='word_1_26' title='bbox 306 1203 403 1238; x_wconf 84' lang='lat' dir='ltr'>atque</span> <span class='ocrx_word' id='word_1_27' title='bbox 430 1196 530 1236; x_wconf 85' lang='lat' dir='ltr'>virgo,</span> 
     </span>
     <span class='ocr_line' id='line_1_10' title="bbox 170 1244 520 1289; baseline -0.02 -6"><span class='ocrx_word' id='word_1_28' title='bbox 170 1249 304 1284; x_wconf 87' lang='lat' dir='ltr'>Postula</span> <span class='ocrx_word' id='word_1_29' title='bbox 329 1255 389 1289; x_wconf 85' lang='lat' dir='ltr'>pro</span> <span class='ocrx_word' id='word_1_30' title='bbox 416 1244 520 1276; x_wconf 90' lang='lat' dir='ltr'>nobis.</span> 
     </span>
    </p>
   </div>
   <div class='ocr_carea' id='block_1_5' title="bbox 139 1334 539 1471">
    <p class='ocr_par' dir='ltr' id='par_1_5' title="bbox 139 1334 539 1471">
     <span class='ocr_line' id='line_1_11' title="bbox 139 1334 539 1376; baseline -0.028 -4"><span class='ocrx_word' id='word_1_31' title='bbox 139 1365 146 1372; x_wconf 95' lang='lat'>.</span> <span class='ocrx_word' id='word_1_32' title='bbox 172 1334 378 1376; x_wconf 82' lang='lat' dir='ltr'>Archangele</span> <span class='ocrx_word' id='word_1_33' title='bbox 404 1339 539 1371; x_wconf 86' lang='lat' dir='ltr'>summe,</span> 
     </span>
     <span class='ocr_line' id='line_1_12' title="bbox 172 1380 475 1420; baseline -0.03 -1"><span class='ocrx_word' id='word_1_34' title='bbox 172 1384 316 1419; x_wconf 84' lang='lat' dir='ltr'>Michael</span> <span class='ocrx_word' id='word_1_35' title='bbox 340 1386 377 1414; x_wconf 78' lang='lat' dir='ltr'>ut</span> <span class='ocrx_word' id='word_1_36' title='bbox 403 1380 475 1420; x_wconf 84' lang='lat' dir='ltr'>Dei,</span> 
     </span>
     <span class='ocr_line' id='line_1_13' title="bbox 174 1428 526 1471; baseline -0.026 -4"><span class='ocrx_word' id='word_1_37' title='bbox 174 1433 310 1468; x_wconf 85' lang='lat' dir='ltr'>Postula</span> <span class='ocrx_word' id='word_1_38' title='bbox 336 1440 395 1471; x_wconf 90' lang='lat' dir='ltr'>pro</span> <span class='ocrx_word' id='word_1_39' title='bbox 422 1428 526 1461; x_wconf 92' lang='lat' dir='ltr'>nobis.</span> 
     </span>
    </p>
   </div>
   <div class='ocr_carea' id='block_1_6' title="bbox 144 1525 534 1666">
    <p class='ocr_par' dir='ltr' id='par_1_6' title="bbox 144 1525 534 1666">
     <span class='ocr_line' id='line_1_14' title="bbox 144 1525 520 1570; baseline -0.032 -3"><span class='ocrx_word' id='word_1_40' title='bbox 144 1561 151 1567; x_wconf 90' lang='lat'><em>.</em></span> <span class='ocrx_word' id='word_1_41' title='bbox 178 1531 346 1570; x_wconf 86' lang='lat' dir='ltr'>Condigne</span> <span class='ocrx_word' id='word_1_42' title='bbox 374 1525 520 1567; x_wconf 86' lang='lat' dir='ltr'>Gabriel,</span> 
     </span>
     <span class='ocr_line' id='line_1_15' title="bbox 176 1575 452 1614; baseline -0.033 0"><span class='ocrx_word' id='word_1_43' title='bbox 176 1578 353 1614; x_wconf 88' lang='lat' dir='ltr'>Fortitudo</span> <span class='ocrx_word' id='word_1_44' title='bbox 380 1575 452 1612; x_wconf 86' lang='lat' dir='ltr'>Dei,</span> 
     </span>
     <span class='ocr_line' id='line_1_16' title="bbox 180 1622 534 1666; baseline -0.023 -3"><span class='ocrx_word' id='word_1_45' title='bbox 180 1628 316 1663; x_wconf 86' lang='lat' dir='ltr'>Postula</span> <span class='ocrx_word' id='word_1_46' title='bbox 343 1634 402 1666; x_wconf 89' lang='lat' dir='ltr'>pro</span> <span class='ocrx_word' id='word_1_47' title='bbox 429 1622 534 1655; x_wconf 88' lang='lat' dir='ltr'>nobis.</span> 
     </span>
    </p>
   </div>
   <div class='ocr_carea' id='block_1_7' title="bbox 147 1719 555 1862">
    <p class='ocr_par' dir='ltr' id='par_1_7' title="bbox 147 1719 555 1862">
     <span class='ocr_line' id='line_1_17' title="bbox 147 1719 555 1762; baseline -0.027 0"><span class='ocrx_word' id='word_1_48' title='bbox 147 1754 155 1762; x_wconf 94' lang='lat'><strong>.</strong></span> <span class='ocrx_word' id='word_1_49' title='bbox 181 1727 207 1760; x_wconf 95' lang='grc' dir='ltr'><strong>Ο</strong></span> <span class='ocrx_word' id='word_1_50' title='bbox 236 1734 369 1757; x_wconf 90' lang='lat' dir='ltr'>consors</span> <span class='ocrx_word' id='word_1_51' title='bbox 396 1719 555 1762; x_wconf 87' lang='lat' dir='ltr'>Raphael‚</span> 
     </span>
     <span class='ocr_line' id='line_1_18' title="bbox 179 1771 449 1813; baseline -0.03 -3"><span class='ocrx_word' id='word_1_52' title='bbox 179 1774 350 1810; x_wconf 82' lang='lat' dir='ltr'>Medicina</span> <span class='ocrx_word' id='word_1_53' title='bbox 376 1771 449 1813; x_wconf 87' lang='lat' dir='ltr'>Dei,</span> 
     </span>
     <span class='ocr_line' id='line_1_19' title="bbox 182 1818 532 1862; baseline -0.026 -4"><span class='ocrx_word' id='word_1_54' title='bbox 182 1823 317 1858; x_wconf 87' lang='lat' dir='ltr'>Postula</span> <span class='ocrx_word' id='word_1_55' title='bbox 342 1830 403 1862; x_wconf 89' lang='lat' dir='ltr'>pro</span> <span class='ocrx_word' id='word_1_56' title='bbox 429 1818 532 1851; x_wconf 89' lang='lat' dir='ltr'>nobis.</span> 
     </span>
    </p>
   </div>
   <div class='ocr_carea' id='block_1_8' title="bbox 149 1919 529 2058">
    <p class='ocr_par' dir='ltr' id='par_1_8' title="bbox 149 1919 529 2058">
     <span class='ocr_line' id='line_1_20' title="bbox 149 1919 505 1958; baseline -0.031 0"><span class='ocrx_word' id='word_1_57' title='bbox 149 1951 156 1958; x_wconf 91' lang='lat'><strong><em>.</em></strong></span> <span class='ocrx_word' id='word_1_58' title='bbox 183 1923 210 1957; x_wconf 94' lang='grc' dir='ltr'><strong>Ο</strong></span> <span class='ocrx_word' id='word_1_59' title='bbox 236 1921 365 1955; x_wconf 82' lang='lat' dir='ltr'><strong>almitas</strong></span> <span class='ocrx_word' id='word_1_60' title='bbox 391 1919 505 1950; x_wconf 83' lang='lat' dir='ltr'>sancta</span> 
     </span>
     <span class='ocr_line' id='line_1_21' title="bbox 185 1969 461 2005; baseline -0.029 0"><span class='ocrx_word' id='word_1_61' title='bbox 185 1969 461 2005; x_wconf 75' lang='lat' dir='ltr'>patriarcharum,</span> 
     </span>
     <span class='ocr_line' id='line_1_22' title="bbox 182 2013 529 2058; baseline -0.02 -4"><span class='ocrx_word' id='word_1_62' title='bbox 182 2019 315 2055; x_wconf 89' lang='lat' dir='ltr'>Postula</span> <span class='ocrx_word' id='word_1_63' title='bbox 340 2026 400 2058; x_wconf 86' lang='lat' dir='ltr'>pro</span> <span class='ocrx_word' id='word_1_64' title='bbox 423 2013 529 2047; x_wconf 87' lang='lat' dir='ltr'>nobis.</span> 
     </span>
    </p>
   </div>
   <div class='ocr_carea' id='block_1_9' title="bbox 125 2114 539 2252">
    <p class='ocr_par' dir='ltr' id='par_1_9' title="bbox 125 2114 539 2252">
     <span class='ocr_line' id='line_1_23' title="bbox 125 2114 469 2159; baseline -0.035 -4"><span class='ocrx_word' id='word_1_65' title='bbox 125 2122 158 2155; x_wconf 89' lang='lat'>8.</span> <span class='ocrx_word' id='word_1_66' title='bbox 185 2119 212 2152; x_wconf 92' lang='grc' dir='ltr'><strong>Ο</strong></span> <span class='ocrx_word' id='word_1_67' title='bbox 239 2114 469 2159; x_wconf 78' lang='lat' dir='ltr'>principalitas</span> 
     </span>
     <span class='ocr_line' id='line_1_24' title="bbox 187 2165 432 2208; baseline -0.033 -7"><span class='ocrx_word' id='word_1_68' title='bbox 187 2165 432 2208; x_wconf 83' lang='lat' dir='ltr'>Apostolorum,</span> 
     </span>
     <span class='ocr_line' id='line_1_25' title="bbox 186 2208 539 2252; baseline -0.02 -3"><span class='ocrx_word' id='word_1_69' title='bbox 186 2214 322 2250; x_wconf 87' lang='lat' dir='ltr'>Postula</span> <span class='ocrx_word' id='word_1_70' title='bbox 348 2220 408 2252; x_wconf 91' lang='lat' dir='ltr'>pro</span> <span class='ocrx_word' id='word_1_71' title='bbox 435 2208 539 2242; x_wconf 91' lang='lat' dir='ltr'>nobis.</span> 
     </span>
    </p>
   </div>
   <div class='ocr_carea' id='block_1_10' title="bbox 128 2303 586 2449">
    <p class='ocr_par' dir='ltr' id='par_1_10' title="bbox 128 2303 586 2449">
     <span class='ocr_line' id='line_1_26' title="bbox 128 2303 548 2350; baseline -0.033 -1"><span class='ocrx_word' id='word_1_72' title='bbox 128 2317 161 2348; x_wconf 86' lang='lat'>9.</span> <span class='ocrx_word' id='word_1_73' title='bbox 188 2313 215 2347; x_wconf 93' lang='grc' dir='ltr'>Ο</span> <span class='ocrx_word' id='word_1_74' title='bbox 243 2313 407 2350; x_wconf 83' lang='lat' dir='ltr'>martyres</span> <span class='ocrx_word' id='word_1_75' title='bbox 433 2303 548 2343; x_wconf 86' lang='lat' dir='ltr'>sancti,</span> 
     </span>
     <span class='ocr_line' id='line_1_27' title="bbox 191 2352 535 2397; baseline -0.032 -2"><span class='ocrx_word' id='word_1_76' title='bbox 191 2361 329 2394; x_wconf 84' lang='lat' dir='ltr'>Veniam</span> <span class='ocrx_word' id='word_1_77' title='bbox 355 2352 535 2397; x_wconf 82' lang='lat' dir='ltr'>precamini</span> 
     </span>
     <span class='ocr_line' id='line_1_28' title="bbox 192 2400 586 2449; baseline -0.033 -5"><span class='ocrx_word' id='word_1_78' title='bbox 192 2411 258 2444; x_wconf 91' lang='lat' dir='ltr'>Pro</span> <span class='ocrx_word' id='word_1_79' title='bbox 284 2404 428 2449; x_wconf 79' lang='lat' dir='ltr'>peccatis</span> <span class='ocrx_word' id='word_1_80' title='bbox 454 2400 586 2434; x_wconf 84' lang='lat' dir='ltr'>nostris.</span> 
     </span>
    </p>
   </div>
   <div class='ocr_carea' id='block_1_11' title="bbox 165 2467 655 2506">
    <p class='ocr_par' dir='ltr' id='par_1_11' title="bbox 165 2467 655 2506">
     <span class='ocr_line' id='line_1_29' title="bbox 165 2467 655 2506; baseline -0.027 -3"><span class='ocrx_word' id='word_1_81' title='bbox 165 2480 306 2506; x_wconf 72' lang='lat' dir='ltr'>Dreves,</span> <span class='ocrx_word' id='word_1_82' title='bbox 325 2473 429 2504; x_wconf 87' lang='lat' dir='ltr'>Hymni</span> <span class='ocrx_word' id='word_1_83' title='bbox 446 2470 561 2494; x_wconf 75' lang='lat' dir='ltr'>Inediti.</span> <span class='ocrx_word' id='word_1_84' title='bbox 592 2467 655 2491; x_wconf 82' lang='lat' dir='ltr'>vn.</span> 
     </span>
    </p>
   </div>
   <div class='ocr_carea' id='block_1_12' title="bbox 785 755 840 787">
    <p class='ocr_par' dir='ltr' id='par_1_12' title="bbox 785 755 840 787">
     <span class='ocr_line' id='line_1_30' title="bbox 785 755 840 787; baseline -0.018 0"><span class='ocrx_word' id='word_1_85' title='bbox 785 755 840 787; x_wconf 92' lang='lat'>10.</span> 
     </span>
    </p>
   </div>
   <div class='ocr_carea' id='block_1_13' title="bbox 784 947 839 980">
    <p class='ocr_par' dir='ltr' id='par_1_13' title="bbox 784 947 839 980">
     <span class='ocr_line' id='line_1_31' title="bbox 784 947 839 980; baseline -0.036 0"><span class='ocrx_word' id='word_1_86' title='bbox 784 947 839 980; x_wconf 91' lang='lat'>11.</span> 
     </span>
    </p>
   </div>
   <div class='ocr_carea' id='block_1_14' title="bbox 789 1139 845 1171">
    <p class='ocr_par' dir='ltr' id='par_1_14' title="bbox 789 1139 845 1171">
     <span class='ocr_line' id='line_1_32' title="bbox 789 1139 845 1171; baseline 0.018 -1"><span class='ocrx_word' id='word_1_87' title='bbox 789 1139 845 1171; x_wconf 83' lang='lat'>12.</span> 
     </span>
    </p>
   </div>
   <div class='ocr_carea' id='block_1_15' title="bbox 791 1324 846 1356">
    <p class='ocr_par' dir='ltr' id='par_1_15' title="bbox 791 1324 846 1356">
     <span class='ocr_line' id='line_1_33' title="bbox 791 1324 846 1356; baseline 0 0"><span class='ocrx_word' id='word_1_88' title='bbox 791 1324 846 1356; x_wconf 86' lang='lat'>13.</span> 
     </span>
    </p>
   </div>
   <div class='ocr_carea' id='block_1_16' title="bbox 797 1519 851 1551">
    <p class='ocr_par' dir='ltr' id='par_1_16' title="bbox 797 1519 851 1551">
     <span class='ocr_line' id='line_1_34' title="bbox 797 1519 851 1551; baseline -0.019 0"><span class='ocrx_word' id='word_1_89' title='bbox 797 1519 851 1551; x_wconf 89' lang='lat'>14.</span> 
     </span>
    </p>
   </div>
   <div class='ocr_carea' id='block_1_17' title="bbox 798 1713 855 1746">
    <p class='ocr_par' dir='ltr' id='par_1_17' title="bbox 798 1713 855 1746">
     <span class='ocr_line' id='line_1_35' title="bbox 798 1713 855 1746; baseline -0.035 0"><span class='ocrx_word' id='word_1_90' title='bbox 798 1713 855 1746; x_wconf 87' lang='grc'>15.</span> 
     </span>
    </p>
   </div>
   <div class='ocr_carea' id='block_1_18' title="bbox 799 1907 857 1940">
    <p class='ocr_par' dir='ltr' id='par_1_18' title="bbox 799 1907 857 1940">
     <span class='ocr_line' id='line_1_36' title="bbox 799 1907 857 1940; baseline -0.017 0"><span class='ocrx_word' id='word_1_91' title='bbox 799 1907 857 1940; x_wconf 88' lang='grc'>16.</span> 
     </span>
    </p>
   </div>
   <div class='ocr_carea' id='block_1_19' title="bbox 804 2101 860 2135">
    <p class='ocr_par' dir='ltr' id='par_1_19' title="bbox 804 2101 860 2135">
     <span class='ocr_line' id='line_1_37' title="bbox 804 2101 860 2135; baseline -0.036 0"><span class='ocrx_word' id='word_1_92' title='bbox 804 2101 860 2135; x_wconf 90' lang='grc'>17.</span> 
     </span>
    </p>
   </div>
   <div class='ocr_carea' id='block_1_20' title="bbox 868 748 1223 888">
    <p class='ocr_par' dir='ltr' id='par_1_20' title="bbox 868 748 1223 888">
     <span class='ocr_line' id='line_1_38' title="bbox 869 748 1223 789; baseline -0.02 -4"><span class='ocrx_word' id='word_1_93' title='bbox 869 751 1082 786; x_wconf 83' lang='lat' dir='ltr'>Confessores</span> <span class='ocrx_word' id='word_1_94' title='bbox 1108 748 1223 789; x_wconf 82' lang='lat' dir='ltr'>sancti,</span> 
     </span>
     <span class='ocr_line' id='line_1_39' title="bbox 868 797 1192 834; baseline -0.022 0"><span class='ocrx_word' id='word_1_95' title='bbox 868 799 1024 834; x_wconf 87' lang='lat' dir='ltr'>Precibus</span> <span class='ocrx_word' id='word_1_96' title='bbox 1051 797 1192 829; x_wconf 83' lang='lat' dir='ltr'>assiduis</span> 
     </span>
     <span class='ocr_line' id='line_1_40' title="bbox 868 845 1212 888; baseline -0.017 -7"><span class='ocrx_word' id='word_1_97' title='bbox 868 848 997 881; x_wconf 87' lang='lat' dir='ltr'>Poscite</span> <span class='ocrx_word' id='word_1_98' title='bbox 1025 856 1082 888; x_wconf 88' lang='lat' dir='ltr'>pro</span> <span class='ocrx_word' id='word_1_99' title='bbox 1109 845 1212 877; x_wconf 87' lang='lat' dir='ltr'>nobis.</span> 
     </span>
    </p>
   </div>
   <div class='ocr_carea' id='block_1_21' title="bbox 868 941 1217 1078">
    <p class='ocr_par' dir='ltr' id='par_1_21' title="bbox 868 941 1217 1078">
     <span class='ocr_line' id='line_1_41' title="bbox 869 941 1168 982; baseline -0.013 -7"><span class='ocrx_word' id='word_1_100' title='bbox 869 945 894 978; x_wconf 96' lang='grc' dir='ltr'><strong>Ο</strong></span> <span class='ocrx_word' id='word_1_101' title='bbox 922 943 998 975; x_wconf 88' lang='lat' dir='ltr'>celsi</span> <span class='ocrx_word' id='word_1_102' title='bbox 1026 941 1168 982; x_wconf 74' lang='lat' dir='ltr'>patroni,</span> 
     </span>
     <span class='ocr_line' id='line_1_42' title="bbox 868 989 1145 1028; baseline -0.022 -3"><span class='ocrx_word' id='word_1_103' title='bbox 868 991 1021 1025; x_wconf 86' lang='lat' dir='ltr'>Monachi</span> <span class='ocrx_word' id='word_1_104' title='bbox 1048 989 1145 1028; x_wconf 85' lang='lat' dir='ltr'>beati,</span> 
     </span>
     <span class='ocr_line' id='line_1_43' title="bbox 870 1037 1217 1078; baseline -0.012 -5"><span class='ocrx_word' id='word_1_105' title='bbox 870 1040 998 1073; x_wconf 88' lang='lat' dir='ltr'>Poscite</span> <span class='ocrx_word' id='word_1_106' title='bbox 1025 1047 1084 1078; x_wconf 91' lang='lat' dir='ltr'>pro</span> <span class='ocrx_word' id='word_1_107' title='bbox 1112 1037 1217 1069; x_wconf 88' lang='lat' dir='ltr'>nobis.</span> 
     </span>
    </p>
   </div>
   <div class='ocr_carea' id='block_1_22' title="bbox 873 1131 1226 1271">
    <p class='ocr_par' dir='ltr' id='par_1_22' title="bbox 873 1131 1226 1271">
     <span class='ocr_line' id='line_1_44' title="bbox 873 1131 1226 1170; baseline -0.023 0"><span class='ocrx_word' id='word_1_108' title='bbox 873 1138 898 1170; x_wconf 94' lang='lat' dir='ltr'><strong>O</strong></span> <span class='ocrx_word' id='word_1_109' title='bbox 926 1138 1109 1167; x_wconf 83' lang='lat' dir='ltr'>sanctarum</span> <span class='ocrx_word' id='word_1_110' title='bbox 1137 1131 1226 1163; x_wconf 89' lang='lat' dir='ltr'>chori</span> 
     </span>
     <span class='ocr_line' id='line_1_45' title="bbox 873 1180 1204 1224; baseline -0.018 -8"><span class='ocrx_word' id='word_1_111' title='bbox 873 1185 1039 1224; x_wconf 83' lang='lat' dir='ltr'>virginum</span> <span class='ocrx_word' id='word_1_112' title='bbox 1068 1180 1204 1219; x_wconf 87' lang='lat' dir='ltr'>corusci,</span> 
     </span>
     <span class='ocr_line' id='line_1_46' title="bbox 876 1229 1219 1271; baseline -0.02 -5"><span class='ocrx_word' id='word_1_113' title='bbox 876 1233 1003 1266; x_wconf 87' lang='lat' dir='ltr'>Poscite</span> <span class='ocrx_word' id='word_1_114' title='bbox 1028 1240 1088 1271; x_wconf 89' lang='lat' dir='ltr'>pro</span> <span class='ocrx_word' id='word_1_115' title='bbox 1115 1229 1219 1262; x_wconf 87' lang='lat' dir='ltr'>nobis.</span> 
     </span>
    </p>
   </div>
   <div class='ocr_carea' id='block_1_23' title="bbox 873 1320 1319 1452">
    <p class='ocr_par' dir='ltr' id='par_1_23' title="bbox 873 1320 1319 1452">
     <span class='ocr_line' id='line_1_47' title="bbox 873 1320 1246 1353; baseline -0.021 0"><span class='ocrx_word' id='word_1_116' title='bbox 873 1321 1036 1353; x_wconf 82' lang='lat' dir='ltr'>Faventes</span> <span class='ocrx_word' id='word_1_117' title='bbox 1063 1320 1246 1348; x_wconf 87' lang='lat' dir='ltr'>sanctarum</span> 
     </span>
     <span class='ocr_line' id='line_1_48' title="bbox 873 1369 1193 1406; baseline -0.022 -5"><span class='ocrx_word' id='word_1_118' title='bbox 873 1369 1051 1401; x_wconf 87' lang='lat' dir='ltr'>Viduarum</span> <span class='ocrx_word' id='word_1_119' title='bbox 1078 1373 1193 1406; x_wconf 86' lang='lat' dir='ltr'>preces</span> 
     </span>
     <span class='ocr_line' id='line_1_49' title="bbox 873 1410 1319 1452; baseline -0.018 -2"><span class='ocrx_word' id='word_1_120' title='bbox 873 1417 1043 1451; x_wconf 85' lang='lat' dir='ltr'>Nobismet</span> <span class='ocrx_word' id='word_1_121' title='bbox 1069 1422 1154 1446; x_wconf 91' lang='lat' dir='ltr'>nunc</span> <span class='ocrx_word' id='word_1_122' title='bbox 1180 1410 1319 1452; x_wconf 88' lang='lat' dir='ltr'>prosint.</span> 
     </span>
    </p>
   </div>
   <div class='ocr_carea' id='block_1_24' title="bbox 878 1509 1250 1649">
    <p class='ocr_par' dir='ltr' id='par_1_24' title="bbox 878 1509 1250 1649">
     <span class='ocr_line' id='line_1_50' title="bbox 878 1509 1191 1551; baseline -0.022 -4"><span class='ocrx_word' id='word_1_123' title='bbox 878 1517 1027 1547; x_wconf 76' lang='lat' dir='ltr'>insontes</span> <span class='ocrx_word' id='word_1_124' title='bbox 1053 1509 1191 1551; x_wconf 73' lang='lat' dir='ltr'>pueruli,</span> 
     </span>
     <span class='ocr_line' id='line_1_51' title="bbox 881 1558 1250 1602; baseline -0.027 -5"><span class='ocrx_word' id='word_1_125' title='bbox 881 1564 1064 1602; x_wconf 72' lang='lat' dir='ltr'>Martyrum</span> <span class='ocrx_word' id='word_1_126' title='bbox 1090 1558 1250 1597; x_wconf 86' lang='lat' dir='ltr'>floretum,</span> 
     </span>
     <span class='ocr_line' id='line_1_52' title="bbox 882 1606 1226 1649; baseline -0.023 -4"><span class='ocrx_word' id='word_1_127' title='bbox 882 1611 1010 1645; x_wconf 81' lang='lat' dir='ltr'>Poscite</span> <span class='ocrx_word' id='word_1_128' title='bbox 1036 1617 1096 1649; x_wconf 90' lang='lat' dir='ltr'>pro</span> <span class='ocrx_word' id='word_1_129' title='bbox 1123 1606 1226 1639; x_wconf 90' lang='lat' dir='ltr'>nobis.</span> 
     </span>
    </p>
   </div>
   <div class='ocr_carea' id='block_1_25' title="bbox 882 1707 1267 1843">
    <p class='ocr_par' dir='ltr' id='par_1_25' title="bbox 882 1707 1267 1843">
     <span class='ocr_line' id='line_1_53' title="bbox 882 1707 1267 1743; baseline -0.026 0"><span class='ocrx_word' id='word_1_130' title='bbox 882 1710 908 1743; x_wconf 90' lang='grc' dir='ltr'>Ο</span> <span class='ocrx_word' id='word_1_131' title='bbox 933 1707 1036 1740; x_wconf 86' lang='lat' dir='ltr'>sancti</span> <span class='ocrx_word' id='word_1_132' title='bbox 1062 1715 1118 1738; x_wconf 90' lang='lat' dir='ltr'>vos</span> <span class='ocrx_word' id='word_1_133' title='bbox 1146 1711 1267 1743; x_wconf 85' lang='lat' dir='ltr'>omnes,</span> 
     </span>
     <span class='ocr_line' id='line_1_54' title="bbox 882 1755 1255 1793; baseline -0.021 -3"><span class='ocrx_word' id='word_1_134' title='bbox 882 1758 1032 1791; x_wconf 81' lang='lat' dir='ltr'>Virtutes</span> <span class='ocrx_word' id='word_1_135' title='bbox 1058 1755 1255 1793; x_wconf 83' lang='lat' dir='ltr'>innumerae,</span> 
     </span>
     <span class='ocr_line' id='line_1_55' title="bbox 882 1801 1228 1843; baseline -0.023 -4"><span class='ocrx_word' id='word_1_136' title='bbox 882 1805 1012 1840; x_wconf 87' lang='lat' dir='ltr'>Poscite</span> <span class='ocrx_word' id='word_1_137' title='bbox 1039 1812 1099 1843; x_wconf 91' lang='lat' dir='ltr'>pro</span> <span class='ocrx_word' id='word_1_138' title='bbox 1126 1801 1228 1842; x_wconf 85' lang='lat' dir='ltr'>nobis,</span> 
     </span>
    </p>
   </div>
   <div class='ocr_carea' id='block_1_26' title="bbox 884 1898 1306 2034">
    <p class='ocr_par' dir='ltr' id='par_1_26' title="bbox 884 1898 1306 2034">
     <span class='ocr_line' id='line_1_56' title="bbox 885 1898 1217 1943; baseline -0.03 -6"><span class='ocrx_word' id='word_1_139' title='bbox 885 1903 1031 1943; x_wconf 83' lang='lat' dir='ltr'>Maligno</span> <span class='ocrx_word' id='word_1_140' title='bbox 1058 1899 1098 1931; x_wconf 87' lang='lat' dir='ltr'>ab</span> <span class='ocrx_word' id='word_1_141' title='bbox 1125 1898 1217 1929; x_wconf 83' lang='lat' dir='ltr'>hoste</span> 
     </span>
     <span class='ocr_line' id='line_1_57' title="bbox 885 1945 1229 1986; baseline -0.029 -1"><span class='ocrx_word' id='word_1_142' title='bbox 885 1953 930 1986; x_wconf 87' lang='lat' dir='ltr'>Ut</span> <span class='ocrx_word' id='word_1_143' title='bbox 956 1951 1044 1983; x_wconf 89' lang='lat' dir='ltr'>Deus</span> <span class='ocrx_word' id='word_1_144' title='bbox 1073 1945 1229 1979; x_wconf 82' lang='lat' dir='ltr'>defendat</span> 
     </span>
     <span class='ocr_line' id='line_1_58' title="bbox 884 1996 1306 2034; baseline -0.028 0"><span class='ocrx_word' id='word_1_145' title='bbox 884 2001 951 2034; x_wconf 86' lang='lat' dir='ltr'>Nos</span> <span class='ocrx_word' id='word_1_146' title='bbox 978 1999 1029 2030; x_wconf 88' lang='lat' dir='ltr'>hic</span> <span class='ocrx_word' id='word_1_147' title='bbox 1057 2001 1087 2028; x_wconf 86' lang='lat' dir='ltr'>et</span> <span class='ocrx_word' id='word_1_148' title='bbox 1115 1996 1148 2026; x_wconf 91' lang='lat' dir='ltr'>in</span> <span class='ocrx_word' id='word_1_149' title='bbox 1173 2002 1306 2025; x_wconf 74' lang='lat' dir='ltr'>aevuni;</span> 
     </span>
    </p>
   </div>
   <div class='ocr_carea' id='block_1_27' title="bbox 888 2099 1307 2229">
    <p class='ocr_par' dir='ltr' id='par_1_27' title="bbox 888 2099 1307 2229">
     <span class='ocr_line' id='line_1_59' title="bbox 889 2099 1192 2138; baseline -0.033 -6"><span class='ocrx_word' id='word_1_150' title='bbox 889 2100 918 2132; x_wconf 88' lang='lat' dir='ltr'>A</span> <span class='ocrx_word' id='word_1_151' title='bbox 946 2099 1040 2138; x_wconf 86' lang='lat' dir='ltr'>gente</span> <span class='ocrx_word' id='word_1_152' title='bbox 1065 2100 1192 2134; x_wconf 82' lang='lat' dir='ltr'>pagana</span> 
     </span>
     <span class='ocr_line' id='line_1_60' title="bbox 888 2139 1229 2180; baseline -0.032 0"><span class='ocrx_word' id='word_1_153' title='bbox 888 2147 933 2180; x_wconf 87' lang='lat' dir='ltr'>Ut</span> <span class='ocrx_word' id='word_1_154' title='bbox 959 2145 1046 2177; x_wconf 90' lang='lat' dir='ltr'>Deus</span> <span class='ocrx_word' id='word_1_155' title='bbox 1074 2139 1229 2174; x_wconf 83' lang='lat' dir='ltr'>defendat</span> 
     </span>
     <span class='ocr_line' id='line_1_61' title="bbox 888 2190 1307 2229; baseline -0.033 0"><span class='ocrx_word' id='word_1_156' title='bbox 888 2196 956 2229; x_wconf 91' lang='lat' dir='ltr'>Nos</span> <span class='ocrx_word' id='word_1_157' title='bbox 983 2193 1035 2224; x_wconf 89' lang='lat' dir='ltr'>hic</span> <span class='ocrx_word' id='word_1_158' title='bbox 1061 2195 1091 2224; x_wconf 88' lang='lat' dir='ltr'>et</span> <span class='ocrx_word' id='word_1_159' title='bbox 1117 2190 1148 2220; x_wconf 89' lang='lat' dir='ltr'>in</span> <span class='ocrx_word' id='word_1_160' title='bbox 1175 2195 1307 2224; x_wconf 78' lang='lat' dir='ltr'>aevum3</span> 
     </span>
    </p>
   </div>
   <div class='ocr_carea' id='block_1_28' title="bbox 810 2288 1210 2328">
    <p class='ocr_par' dir='ltr' id='par_1_28' title="bbox 810 2288 1210 2328">
     <span class='ocr_line' id='line_1_62' title="bbox 810 2288 1210 2328; baseline -0.038 1"><span class='ocrx_word' id='word_1_161' title='bbox 810 2295 865 2328; x_wconf 88' lang='lat'>18.</span> <span class='ocrx_word' id='word_1_162' title='bbox 893 2291 945 2325; x_wconf 88' lang='lat' dir='ltr'>Ab</span> <span class='ocrx_word' id='word_1_163' title='bbox 973 2288 1059 2321; x_wconf 90' lang='lat' dir='ltr'>omni</span> <span class='ocrx_word' id='word_1_164' title='bbox 1085 2290 1210 2317; x_wconf 87' lang='lat' dir='ltr'>terrore</span> 
     </span>
    </p>
   </div>
   <div class='ocr_carea' id='block_1_29' title="bbox 893 2333 1315 2422">
    <p class='ocr_par' dir='ltr' id='par_1_29' title="bbox 893 2333 1315 2422">
     <span class='ocr_line' id='line_1_63' title="bbox 893 2333 1236 2374; baseline -0.032 0"><span class='ocrx_word' id='word_1_165' title='bbox 893 2341 941 2374; x_wconf 81' lang='lat' dir='ltr'>Ut</span> <span class='ocrx_word' id='word_1_166' title='bbox 966 2338 1054 2371; x_wconf 84' lang='lat' dir='ltr'>Deus</span> <span class='ocrx_word' id='word_1_167' title='bbox 1083 2333 1236 2367; x_wconf 82' lang='lat' dir='ltr'>defendat</span> 
     </span>
     <span class='ocr_line' id='line_1_64' title="bbox 895 2383 1315 2422; baseline -0.029 0"><span class='ocrx_word' id='word_1_168' title='bbox 895 2389 964 2422; x_wconf 85' lang='lat' dir='ltr'>&#39;Nos</span> <span class='ocrx_word' id='word_1_169' title='bbox 990 2386 1041 2418; x_wconf 89' lang='lat' dir='ltr'>hic</span> <span class='ocrx_word' id='word_1_170' title='bbox 1068 2388 1099 2415; x_wconf 81' lang='lat' dir='ltr'>et</span> <span class='ocrx_word' id='word_1_171' title='bbox 1125 2383 1158 2414; x_wconf 90' lang='lat' dir='ltr'>in</span> <span class='ocrx_word' id='word_1_172' title='bbox 1184 2389 1315 2417; x_wconf 76' lang='lat' dir='ltr'>aevum,</span> 
     </span>
    </p>
   </div>
   <div class='ocr_carea' id='block_1_30' title="bbox 1254 2446 1271 2475">
    <p class='ocr_par' dir='ltr' id='par_1_30' title="bbox 1254 2446 1271 2475">
     <span class='ocr_line' id='line_1_65' title="bbox 1254 2446 1271 2475; baseline 0 -5"><span class='ocrx_word' id='word_1_173' title='bbox 1254 2446 1271 2475; x_wconf 87' lang='lat'>5</span> 
     </span>
    </p>
   </div>
  </div>
 </body>
</html>
