1653 2656
187 368 216 400 1.

181 587 212 619 2.

184 808 201 837 :0

207 830 214 837 0

704 141 965 176 -308—

453 236 513 266 518.
556 235 596 266 De
616 244 656 266 ss.
678 233 850 272 Vincentio,
871 232 987 264 Sabina
1007 234 1040 262 et
1059 230 1229 262 christeta.

671 295 721 322 Ad
751 295 854 329 Vesp.
876 296 910 320 et
930 291 1039 319 Laud.

245 367 269 398 O
294 366 347 397 lux
374 368 405 396 et
431 364 526 395 decus
552 363 687 401 Abulae‚
867 363 900 394 4.
928 361 1070 399 Cineres,
1097 368 1171 390 ossa
1196 362 1228 390 et
1253 359 1441 398 sanguinem

246 413 388 444 Vincenti
417 421 485 443 cum
512 411 685 447 sororibus,
928 408 1034 439 Abula
1061 407 1139 438 felix
1165 406 1301 445 obtinet,

243 462 301 500 Qui
326 460 468 492 Daciano
494 459 641 498 praeside
926 456 974 488 Ob
1000 465 1131 495 quorum
1159 454 1374 495 patrocinium

244 511 304 541 Pro
332 508 451 540 Christi
477 507 539 538 fide
565 516 677 546 passus
703 515 747 538 es,
922 504 1076 535 Feliciter
1101 503 1318 535 transibimus.

240 585 301 618 En.
330 583 498 614 Lusitanus
523 582 656 619 iuvenis,
864 583 895 613 5.
924 580 1119 619 Spei-nentes
1141 579 1252 610 muudi
1277 579 1395 619 gaudia

239 632 297 672 Qui
324 631 485 662 decoravit
508 630 655 669 Eboraniff
923 628 1158 667 Tormentaque
1183 627 1378 667 supplicium

240 680 314 710 Vita
337 678 510 709 illustravit
536 677 671 708 Abulam
923 676 1044 715 Adepti
1070 680 1143 706 sunt
1168 675 1322 707 caelestia

240 729 276 759 In
300 731 400 758 morte
427 735 495 756 cum
521 725 693 757 sororibus.
923 724 1067 757 Caeleste
1094 724 1287 756 natalitium.

241 804 303 836 Sed
330 804 367 841 is,
395 803 447 842 qui
475 803 576 832 victor
600 801 677 831 obiit
863 801 895 833 6.
922 800 1098 840 Sequamur
1123 809 1198 839 ergo
1224 800 1355 831 semitas

238 852 404 884 Crudelem
431 855 562 881 mortem
590 849 722 888 patiens,
922 849 1051 889 Eorum,
1080 849 1132 887 qui
1158 849 1191 879 in
1218 848 1386 888 vestigium

236 900 348 931 Fortes
374 907 498 929 sorores
523 897 632 928 habuit
922 896 1086 928 Alacriter
1112 896 1271 935 supplicia

236 947 396 979 Victoriae
422 946 606 985 participes.
925 944 1105 984 Necemque
1130 945 1192 975 iam
1221 945 1367 984 perpessi
1393 948 1478 978 sunt.

508 1023 538 1054 7.
566 1022 611 1052 Sit
639 1022 733 1060 patri,
761 1025 846 1057 nato‚
873 1020 992 1051 flamini

567 1069 682 1106 Decus,
709 1069 810 1100 honor
835 1073 864 1099 et
891 1070 1001 1108 gloria,

563 1117 789 1148 Cominendent
814 1125 940 1155 semper
965 1116 1084 1147 numini

563 1164 748 1195 Sanctorum
776 1174 831 1194 nos
857 1164 1016 1203 suffragia.

252 1248 352 1281 Propi:
375 1255 426 1272 ins.
449 1245 594 1271 Abnlvnse
616 1253 690 1269 saec.
716 1242 757 1269 ΙΤ.
779 1244 849 1270 cod.
872 1244 1005 1269 Vatican.
1027 1242 1111 1270 6305.

638 1374 696 1404 519.
739 1374 778 1404 lle
800 1376 908 1404 sancto
933 1374 1013 1404 l'ito.

233 1448 388 1478 Canamus
414 1455 520 1476 omnes
546 1445 681 1475 nobilem
857 1447 887 1478 5.
915 1445 1039 1476 Dehinc
1065 1445 1196 1477 nefandi
1223 1448 1381 1488 principis

236 1495 299 1525 Viti
324 1493 516 1532 triumphuni
543 1493 701 1530 martyris,
915 1494 1043 1524 (furavit
1073 1504 1091 1525 a
1118 1494 1305 1527 daemonico

230 1542 381 1573 Tonantis
409 1547 437 1571 et
465 1550 522 1579 pro
549 1541 647 1573 aloria
916 1541 977 1572 Diu
1004 1547 1151 1573 vexatum
1179 1544 1296 1582 spiritu

232 1590 310 1620 Eius
336 1594 446 1620 sonent
473 1589 513 1619 ad
541 1588 663 1620 horrca.
912 1589 1104 1621 Diocletiani
1132 1596 1250 1624 natum.

231 1665 427 1704 Contempsit
455 1673 527 1695 aras
554 1665 736 1694 daemonum
852 1667 881 1696 Γ»,
913 1666 1064 1697 [lc-lunis
1089 1667 1164 1698 item
1192 1669 1315 1700 carceri

230 1713 346 1744 Libare
372 1712 561 1743 sacrificium
911 1714 946 1744 In
973 1715 1130 1754 ollamque
1157 1713 1370 1759 [imeittitur

227 1761 404 1799 Mundique
430 1769 510 1790 vana
537 1768 688 1798 respuens
915 1762 1114 1800 Ferventenn
1143 1764 1194 1795 hic
1221 1766 1265 1796 nil
1292 1766 1432 1798 laeditur

230 1809 388 1839 Christum
416 1806 534 1838 fatetur
559 1807 700 1838 tirmiter.
911 1810 1068 1848 Hymnum
1097 1821 1213 1843 canens
1240 1814 1408 1848 altissimo,

231 1885 301 1916 Ilax
328 1889 419 1923 pater
445 1883 631 1914 exhortatur
854 1886 881 1916 7.
912 1887 1009 1917 Leoni
1038 1887 1131 1918 datur
1158 1891 1329 1928 vorandus,

226 1933 331 1963 Vitum
359 1932 518 1963 Christum
546 1931 735 1969 relinquere,
911 1934 971 1964 Sed
1001 1935 1049 1964 liic
1075 1936 1137 1966 sibi
1164 1940 1358 1970 mansuescit

224 1981 314 2012 Iubet
340 1984 493 2019 tyrannus
519 1979 636 2010 adduci
911 1981 1013 2011 Pedes
1041 1983 1190 2022 lingendo
1216 1987 1372 2020 omnibus.

226 2028 371 2059 Eundem
398 2033 471 2058 ante
496 2027 646 2058 tribunal.
907 2029 955 2059 Ex
983 2029 1041 2059 hoc
1068 2036 1222 2070 tyrannus
1249 2022 1395 2067 vexatur.

223 2105 395 2136 Tormenta
422 2104 491 2134 dira
517 2112 687 2142 perpessus
851 2105 881 2136 8.
910 2105 1012 2144 Super
1039 2112 1159 2139 catasta
1186 2111 1325 2151 ponitur,

223 2152 413 2191 Torquentis
439 2161 550 2182 manus
577 2152 725 2190 siccatur,
910 2154 1102 2185 (Iruentatur
1128 2160 1291 2190 atrociter.

224 2201 315 2232 lllico
341 2209 435 2230 sanus
463 2200 594 2239 revenit,
906 2201 1053 2233 Exorans
1079 2210 1207 2236 sanctus
1235 2206 1404 2240 Dominum

222 2249 296 2279 Vito
322 2248 417 2279 saluti
444 2248 600 2281 redditur.
911 2249 1045 2289 Templa
1073 2252 1201 2284 deorum
1229 2262 1392 2289 corruunt.

571 2325 603 2358 9.
631 2324 741 2356 Gloria
767 2325 836 2358 tibi.
864 2325 1008 2358 Domine.

236 2407 322 2433 lli-ev.
345 2415 396 2432 ms.
414 2406 639 2432 Ambrosianum
662 2413 736 2431 saec.
761 2403 804 2432 15.
819 2405 889 2432 Cod.
905 2406 1042 2441 Borginn.
1066 2409 1093 2435 M
1117 2410 1155 2441 11,
1176 2409 1221 2438 20.
1236 2427 1273 2432 —
1294 2413 1316 2443 1,
1339 2414 1358 2441 4
1373 2422 1480 2445 sonent

157 2449 268 2473 aton-ea.
292 2459 328 2463 —
349 2444 375 2470 4.
397 2442 415 2470 4
436 2445 513 2470 Vite.
535 2459 571 2462 —
593 2442 618 2472 6,
643 2442 660 2469 4
682 2443 866 2471 altissimum.
