1653 2656
717 119 950 154 -31-

662 272 712 303 45.
753 271 786 302 In
809 271 1003 302 Pentecoste.

621 357 675 384 Ad
708 357 1050 384 Processionem.

366 456 471 498 Salve,
500 454 583 487 festa
610 455 689 492 dies,
717 464 811 494 quarn
839 452 1053 485 sanctificavit
1079 453 1120 484 ab
1148 453 1214 485 alto

415 504 575 538 Cordibus
601 502 726 534 infusus
752 502 885 542 spiritus
912 501 1052 534 uberior.

367 552 506 593 Spiritus
533 553 602 592 ipse
628 552 689 583 Dei
717 551 756 582 de
782 551 912 581 summis
939 550 1054 581 missus
1084 550 1125 581 ad
1151 551 1226 589 ima,

416 601 476 640 Qui
502 604 624 632 memes
651 599 747 631 hodie
773 599 877 638 replet
903 598 1110 638 apostolicas.

312 653 343 684 5.
372 649 514 683 caelitus
537 648 620 688 iguis
646 648 699 679 hic
725 651 783 684 est,
811 656 873 687 quo
899 651 1003 678 terras
1030 655 1100 678 esse
1127 647 1318 678 cremandas

419 697 586 728 Pollicitus
613 695 720 727 fuerat
745 695 892 727 Christus
918 695 959 726 ad
987 694 1047 726 hoc
1073 695 1215 727 veniens.

375 746 553 785 Praeparat
578 744 635 776 has
662 743 804 783 veniens,
833 743 963 774 rediens
990 742 1039 774 his
1065 743 1215 775 admovet
1242 742 1345 781 illum,

417 793 633 833 Multiplicem
658 796 797 832 segetem
826 791 882 822 dat
907 791 988 822 bene
1014 791 1118 822 cultus
1146 800 1232 830 ager.

368 842 429 874 Est
456 841 507 872 hic
532 850 609 880 ager
635 840 782 877 mundus,
811 839 951 870 cultores
978 839 1044 870 eius
1073 836 1242 882 [alumni];

290 892 345 924 10.
420 889 560 930 Spiritus
586 889 636 920 his
663 888 759 919 hodie
785 887 907 918 semina
933 887 1024 926 larga
1048 887 1149 919 dedit.

372 938 448 971 Istis
473 937 651 969 seminibus
677 935 773 967 tellus
799 938 869 966 sata
894 934 992 965 totius
1018 935 1106 966 orbis

419 985 580 1025 Frugibus
605 983 780 1016 innumeris
807 983 936 1014 climata
963 987 1078 1014 cuncta
1102 983 1217 1022 replet.

367 1033 472 1067 Unam
500 1033 638 1065 Iudaeae
664 1036 783 1063 terram
810 1030 937 1062 coluere
964 1031 1153 1070 prophetae.

418 1081 539 1113 Cuncta
566 1081 598 1112 hi
624 1079 837 1120 proscindunt
863 1087 990 1110 vomere
1016 1087 1115 1118 regna
1140 1087 1206 1110 suo.

287 1132 341 1164 15.
369 1130 462 1161 Felix
490 1129 552 1160 ista
578 1129 656 1170 dies,
683 1137 747 1167 qua
772 1135 912 1158 summus
939 1126 1025 1157 venit
1054 1127 1094 1158 ab
1121 1126 1217 1158 astris

415 1178 555 1217 Spiritus
582 1185 745 1216 exponens
772 1175 888 1206 horrea
914 1178 1028 1206 cuncta
1054 1174 1126 1206 Dei.

365 1226 415 1258 Ex
442 1226 502 1257 hoc
527 1234 620 1257 omne
648 1224 763 1255 bonum
790 1224 836 1254 sic
862 1223 1122 1254 transmandavit
1147 1223 1179 1254 in
1206 1231 1326 1262 omnes,

417 1275 574 1306 Provocet
600 1273 641 1305 ad
667 1272 779 1304 laudes
804 1271 896 1311 copia
922 1275 1013 1302 tanta
1040 1271 1126 1303 boni.

370 1323 639 1356 Consummantur
663 1321 695 1352 in
723 1320 783 1352 hac
809 1320 880 1351 aliis
907 1319 1036 1359 incepta
1063 1320 1186 1359 diebus,

416 1370 460 1403 Et
486 1370 644 1411 promissa
669 1369 730 1401 Dei
755 1367 882 1409 perficit
908 1368 971 1399 ista
999 1368 1077 1402 dies.

254 1484 376 1513 Colleet.
404 1494 458 1511 ms.
484 1484 755 1519 Bridlingtoniense
784 1492 860 1510 saec.
891 1480 964 1509 ¹²l18.
994 1483 1064 1510 Cod.
1094 1483 1239 1509 Oxonien.
1261 1481 1371 1517 Digby.
1401 1478 1447 1508 53.
1470 1496 1505 1499 —

180 1525 332 1553 Abschrift
358 1533 417 1550 von
438 1524 476 1550 H.
498 1523 537 1550 M.
559 1523 726 1549 Bannister.
749 1537 782 1548 .—
807 1520 823 1548 7
851 1523 980 1548 ammoni
1005 1519 1044 1557 [2³]
1067 1536 1104 1539 —
1125 1520 1142 1548 9
1164 1520 1237 1547 fehlt
1259 1521 1307 1547 ein
1330 1520 1431 1554 Wort3
1459 1528 1506 1546 am

180 1564 296 1592 Raude:
319 1562 457 1599 apostoli.
483 1576 518 1580 —
541 1559 575 1588 17
597 1560 817 1588 transmandum
840 1557 886 1596 [ἲ]

666 1724 713 1754 46.
755 1723 790 1754 ln
813 1723 1009 1754 Pentecoste.

626 1809 678 1836 Ad
711 1809 1054 1836 Processionem.

392 1909 497 1950 Salve,
527 1907 610 1940 festa
638 1908 717 1948 dies,
745 1917 838 1947 quam
866 1905 1081 1938 sanctificavit
1106 1904 1146 1937 ab
1173 1905 1241 1936 alto

442 1957 602 1991 Cordibus
627 1955 753 1988 infusus
778 1956 910 1996 spiritus
936 1954 1076 1986 uberior.

392 2006 496 2038 Filius
523 2006 554 2037 in
581 2005 733 2037 mundum
762 2005 866 2044 primo
894 2003 956 2035 fuit
979 2013 998 2035 a
1024 2006 1117 2042 patre
1143 2002 1270 2038 missus,

441 2054 581 2095 Spiritus
607 2053 771 2086 amborum
799 2061 884 2084 nunc
909 2052 950 2083 ab
976 2051 1122 2091 utrisque
1148 2050 1246 2082 venit.

333 2107 364 2139 5.
392 2103 522 2137 Perficit
549 2103 602 2134 hic
626 2102 768 2140 veniens,
796 2110 876 2141 quae
898 2104 971 2132 sunt
997 2101 1127 2140 incepta
1153 2108 1211 2138 per
1237 2098 1337 2136 illum,

440 2152 641 2193 Supplentur
666 2160 726 2192 per
751 2150 846 2191 hunc,
874 2158 956 2189 quae
982 2152 1091 2188 egerat
1118 2148 1173 2178 ille
1200 2147 1314 2180 minus.

391 2201 499 2233 Verba
526 2200 618 2232 dedit
645 2200 788 2235 verbum,
816 2207 942 2229 sensum
969 2196 1061 2229 affert
1087 2196 1220 2236 spiritus
1248 2195 1359 2226 horum

438 2250 481 2282 Et
508 2249 647 2290 spirans,
675 2248 730 2280 ubi
756 2247 836 2285 vult,
861 2250 891 2277 et
919 2246 987 2277 sine
1013 2253 1091 2277 voce
1118 2245 1247 2276 docens.

393 2298 455 2330 Ille
480 2298 668 2338 repentinus
695 2305 791 2328 sonus
819 2299 878 2332 est,
902 2304 964 2335 quo
991 2295 1091 2325 corda
1116 2301 1256 2331 suorum,

311 2348 367 2381 10.
444 2347 491 2381 Ut
514 2346 660 2378 meminit
686 2345 801 2386 Lucas,
830 2343 891 2375 hac
917 2343 1011 2375 docet
1035 2342 1106 2382 ipse
1133 2341 1195 2372 die.

393 2395 508 2429 Omnia
533 2395 588 2436 qui
613 2398 788 2435 penetrans
814 2392 913 2424 habet
939 2399 1038 2431 aeque
1064 2390 1177 2431 pervia
1203 2391 1328 2430 cuncta,

444 2445 536 2478 Intus
562 2447 593 2476 et
619 2443 761 2475 exterius
787 2440 954 2482 praesidet
979 2444 1075 2480 atque
1101 2439 1194 2479 regit.
