<?xml version="1.0" encoding="UTF-8"?>
<!DOCTYPE html PUBLIC "-//W3C//DTD XHTML 1.0 Transitional//EN"
    "http://www.w3.org/TR/xhtml1/DTD/xhtml1-transitional.dtd">
<html xmlns="http://www.w3.org/1999/xhtml" xml:lang="en" lang="en">
 <head>
  <title>
</title>
<meta http-equiv="Content-Type" content="text/html;charset=utf-8" />
  <meta name='ocr-system' content='tesseract 3.04.00' />
  <meta name='ocr-capabilities' content='ocr_page ocr_carea ocr_par ocr_line ocrx_word'/>
</head>
<body>
  <div class='ocr_page' id='page_1' title='image "./analectahymnica43drevuoft/analectahymnica43drevuoft_0145.png"; bbox 0 0 1653 2656; ppageno 0'>
   <div class='ocr_carea' id='block_1_1' title="bbox 447 259 478 289">
    <p class='ocr_par' dir='ltr' id='par_1_1' title="bbox 447 259 478 289">
     <span class='ocr_line' id='line_1_1' title="bbox 447 259 478 289; baseline 0.032 -1"><span class='ocrx_word' id='word_1_1' title='bbox 447 259 478 289; x_wconf 84' lang='lat'>5.</span> 
     </span>
    </p>
   </div>
   <div class='ocr_carea' id='block_1_2' title="bbox 445 482 475 512">
    <p class='ocr_par' dir='ltr' id='par_1_2' title="bbox 445 482 475 512">
     <span class='ocr_line' id='line_1_2' title="bbox 445 482 475 512; baseline 0 0"><span class='ocrx_word' id='word_1_2' title='bbox 445 482 475 512; x_wconf 83' lang='lat'>6.</span> 
     </span>
    </p>
   </div>
   <div class='ocr_carea' id='block_1_3' title="bbox 430 1391 483 1422">
    <p class='ocr_par' dir='ltr' id='par_1_3' title="bbox 430 1391 483 1422">
     <span class='ocr_line' id='line_1_3' title="bbox 430 1391 483 1422; baseline 0 0"><span class='ocrx_word' id='word_1_3' title='bbox 430 1391 483 1422; x_wconf 87' lang='grc'>10.</span> 
     </span>
    </p>
   </div>
   <div class='ocr_carea' id='block_1_4' title="bbox 428 1620 485 1651">
    <p class='ocr_par' dir='ltr' id='par_1_4' title="bbox 428 1620 485 1651">
     <span class='ocr_line' id='line_1_4' title="bbox 428 1620 485 1651; baseline 0 0"><span class='ocrx_word' id='word_1_4' title='bbox 428 1620 485 1651; x_wconf 93' lang='grc'>11.</span> 
     </span>
    </p>
   </div>
   <div class='ocr_carea' id='block_1_5' title="bbox 434 2079 488 2111">
    <p class='ocr_par' dir='ltr' id='par_1_5' title="bbox 434 2079 488 2111">
     <span class='ocr_line' id='line_1_5' title="bbox 434 2079 488 2111; baseline -0.019 0"><span class='ocrx_word' id='word_1_5' title='bbox 434 2079 488 2111; x_wconf 83' lang='grc'>13.</span> 
     </span>
    </p>
   </div>
   <div class='ocr_carea' id='block_1_6' title="bbox 434 2309 487 2341">
    <p class='ocr_par' dir='ltr' id='par_1_6' title="bbox 434 2309 487 2341">
     <span class='ocr_line' id='line_1_6' title="bbox 434 2309 487 2341; baseline 0 0"><span class='ocrx_word' id='word_1_6' title='bbox 434 2309 487 2341; x_wconf 82' lang='lat'>14.</span> 
     </span>
    </p>
   </div>
   <div class='ocr_carea' id='block_1_7' title="bbox 709 155 968 190">
    <p class='ocr_par' dir='ltr' id='par_1_7' title="bbox 709 155 968 190">
     <span class='ocr_line' id='line_1_7' title="bbox 709 155 968 190; baseline 0 0"><span class='ocrx_word' id='word_1_7' title='bbox 709 155 968 190; x_wconf 83' lang='lat'>-142—</span> 
     </span>
    </p>
   </div>
   <div class='ocr_carea' id='block_1_8' title="bbox 503 249 1138 437">
    <p class='ocr_par' dir='ltr' id='par_1_8' title="bbox 503 249 1138 437">
     <span class='ocr_line' id='line_1_8' title="bbox 506 249 1115 294; baseline -0.01 -7"><span class='ocrx_word' id='word_1_8' title='bbox 506 258 604 294; x_wconf 81' lang='lat' dir='ltr'>Quam</span> <span class='ocrx_word' id='word_1_9' title='bbox 631 254 764 294; x_wconf 85' lang='lat' dir='ltr'>pulchra</span> <span class='ocrx_word' id='word_1_10' title='bbox 789 252 872 284; x_wconf 89' lang='lat' dir='ltr'>facie</span> <span class='ocrx_word' id='word_1_11' title='bbox 898 252 988 291; x_wconf 83' lang='lat' dir='ltr'>virgo</span> <span class='ocrx_word' id='word_1_12' title='bbox 1013 249 1115 290; x_wconf 88' lang='lat' dir='ltr'>fuisti,</span> 
     </span>
     <span class='ocr_line' id='line_1_9' title="bbox 504 297 1138 342; baseline -0.009 -8"><span class='ocrx_word' id='word_1_13' title='bbox 504 303 551 334; x_wconf 89' lang='lat' dir='ltr'>Tu</span> <span class='ocrx_word' id='word_1_14' title='bbox 579 303 650 342; x_wconf 86' lang='lat' dir='ltr'>plus</span> <span class='ocrx_word' id='word_1_15' title='bbox 674 301 807 342; x_wconf 83' lang='lat' dir='ltr'>pulchra</span> <span class='ocrx_word' id='word_1_16' title='bbox 833 299 897 332; x_wconf 81' lang='lat' dir='ltr'>side</span> <span class='ocrx_word' id='word_1_17' title='bbox 921 299 978 330; x_wconf 88' lang='lat' dir='ltr'>sed</span> <span class='ocrx_word' id='word_1_18' title='bbox 1005 297 1138 336; x_wconf 84' lang='lat' dir='ltr'>nituisti,</span> 
     </span>
     <span class='ocr_line' id='line_1_10' title="bbox 503 345 1072 386; baseline -0.011 -3"><span class='ocrx_word' id='word_1_19' title='bbox 503 351 592 383; x_wconf 85' lang='lat' dir='ltr'>Inter</span> <span class='ocrx_word' id='word_1_20' title='bbox 617 349 785 381; x_wconf 84' lang='lat' dir='ltr'>caelicolas</span> <span class='ocrx_word' id='word_1_21' title='bbox 810 347 896 380; x_wconf 86' lang='lat' dir='ltr'>unde</span> <span class='ocrx_word' id='word_1_22' title='bbox 921 345 1072 386; x_wconf 78' lang='lat' dir='ltr'><strong>refulges,</strong></span> 
     </span>
     <span class='ocr_line' id='line_1_11' title="bbox 505 393 1040 437; baseline -0.006 -7"><span class='ocrx_word' id='word_1_23' title='bbox 505 398 626 430; x_wconf 85' lang='lat' dir='ltr'>Multos</span> <span class='ocrx_word' id='word_1_24' title='bbox 653 397 832 437; x_wconf 86' lang='lat' dir='ltr'>despiciens</span> <span class='ocrx_word' id='word_1_25' title='bbox 859 393 1040 427; x_wconf 87' lang='lat' dir='ltr'>inferiores.</span> 
     </span>
    </p>
   </div>
   <div class='ocr_carea' id='block_1_9' title="bbox 502 478 1152 661">
    <p class='ocr_par' dir='ltr' id='par_1_9' title="bbox 502 478 1152 661">
     <span class='ocr_line' id='line_1_12' title="bbox 502 478 1056 518; baseline -0.009 -7"><span class='ocrx_word' id='word_1_26' title='bbox 502 479 631 512; x_wconf 83' lang='lat' dir='ltr'>Ardens</span> <span class='ocrx_word' id='word_1_27' title='bbox 657 478 803 518; x_wconf 88' lang='lat' dir='ltr'>perpetui</span> <span class='ocrx_word' id='word_1_28' title='bbox 829 478 912 517; x_wconf 88' lang='lat' dir='ltr'>regis</span> <span class='ocrx_word' id='word_1_29' title='bbox 938 483 1056 512; x_wconf 84' lang='lat' dir='ltr'>amore,</span> 
     </span>
     <span class='ocr_line' id='line_1_13' title="bbox 504 525 1098 565; baseline -0.008 -7"><span class='ocrx_word' id='word_1_30' title='bbox 504 527 617 559; x_wconf 87' lang='lat' dir='ltr'>Multis</span> <span class='ocrx_word' id='word_1_31' title='bbox 644 525 819 565; x_wconf 85' lang='lat' dir='ltr'>virginibus</span> <span class='ocrx_word' id='word_1_32' title='bbox 845 525 913 556; x_wconf 80' lang='lat' dir='ltr'>visa</span> <span class='ocrx_word' id='word_1_33' title='bbox 939 530 1098 563; x_wconf 85' lang='lat' dir='ltr'>praeesse,</span> 
     </span>
     <span class='ocr_line' id='line_1_14' title="bbox 506 569 1062 614; baseline -0.007 -9"><span class='ocrx_word' id='word_1_34' title='bbox 506 575 632 614; x_wconf 87' lang='lat' dir='ltr'>Sponso</span> <span class='ocrx_word' id='word_1_35' title='bbox 657 574 850 604; x_wconf 81' lang='lat' dir='ltr'>celsithrono</span> <span class='ocrx_word' id='word_1_36' title='bbox 876 572 966 603; x_wconf 79' lang='lat' dir='ltr'>basia</span> <span class='ocrx_word' id='word_1_37' title='bbox 991 569 1062 610; x_wconf 85' lang='lat' dir='ltr'>figis</span> 
     </span>
     <span class='ocr_line' id='line_1_15' title="bbox 503 616 1152 661; baseline -0.009 -8"><span class='ocrx_word' id='word_1_38' title='bbox 503 623 757 661; x_wconf 84' lang='lat' dir='ltr'>Amplexumque</span> <span class='ocrx_word' id='word_1_39' title='bbox 774 624 874 660; x_wconf 86' lang='lat' dir='ltr'>tenes,</span> <span class='ocrx_word' id='word_1_40' title='bbox 901 627 992 659; x_wconf 89' lang='lat' dir='ltr'>quem</span> <span class='ocrx_word' id='word_1_41' title='bbox 1012 616 1152 650; x_wconf 88' lang='lat' dir='ltr'>coluisti.</span> 
     </span>
    </p>
   </div>
   <div class='ocr_carea' id='block_1_10' title="bbox 507 699 1229 885">
    <p class='ocr_par' dir='ltr' id='par_1_10' title="bbox 507 699 1229 885">
     <span class='ocr_line' id='line_1_16' title="bbox 513 699 1146 741; baseline -0.008 -7"><span class='ocrx_word' id='word_1_42' title='bbox 513 703 582 734; x_wconf 86' lang='lat' dir='ltr'>Duc</span> <span class='ocrx_word' id='word_1_43' title='bbox 610 712 664 733; x_wconf 91' lang='lat' dir='ltr'>nos</span> <span class='ocrx_word' id='word_1_44' title='bbox 690 702 865 741; x_wconf 82' lang='lat' dir='ltr'>respiciens</span> <span class='ocrx_word' id='word_1_45' title='bbox 891 708 964 732; x_wconf 84' lang='lat' dir='ltr'>arce</span> <span class='ocrx_word' id='word_1_46' title='bbox 989 699 1146 739; x_wconf 66' lang='lat' dir='ltr'>polorum,</span> 
     </span>
     <span class='ocr_line' id='line_1_17' title="bbox 510 748 1171 787; baseline -0.006 -6"><span class='ocrx_word' id='word_1_47' title='bbox 510 751 636 781; x_wconf 55' lang='lat' dir='ltr'>Vultum</span> <span class='ocrx_word' id='word_1_48' title='bbox 664 754 751 781; x_wconf 75' lang='lat' dir='ltr'>verte</span> <span class='ocrx_word' id='word_1_49' title='bbox 773 754 872 787; x_wconf 86' lang='lat' dir='ltr'>tuum,</span> <span class='ocrx_word' id='word_1_50' title='bbox 900 748 998 787; x_wconf 78' lang='lat' dir='ltr'>virgo,</span> <span class='ocrx_word' id='word_1_51' title='bbox 1026 755 1171 778; x_wconf 88' lang='lat' dir='ltr'>serenum</span> 
     </span>
     <span class='ocr_line' id='line_1_18' title="bbox 510 795 1178 838; baseline -0.007 -8"><span class='ocrx_word' id='word_1_52' title='bbox 510 798 720 838; x_wconf 82' lang='lat' dir='ltr'>Dignerisque</span> <span class='ocrx_word' id='word_1_53' title='bbox 747 802 833 828; x_wconf 88' lang='lat' dir='ltr'>tuum</span> <span class='ocrx_word' id='word_1_54' title='bbox 860 796 963 827; x_wconf 86' lang='lat' dir='ltr'>visere</span> <span class='ocrx_word' id='word_1_55' title='bbox 989 795 1152 834; x_wconf 84' lang='lat' dir='ltr'>templum,</span> <span class='ocrx_word' id='word_1_56' title='bbox 1176 806 1178 810; x_wconf 43' lang='lat'>³</span> 
     </span>
     <span class='ocr_line' id='line_1_19' title="bbox 507 843 1229 885; baseline -0.007 -8"><span class='ocrx_word' id='word_1_57' title='bbox 507 848 640 885; x_wconf 64' lang='lat' dir='ltr'>Corpus7</span> <span class='ocrx_word' id='word_1_58' title='bbox 656 846 740 885; x_wconf 84' lang='lat' dir='ltr'>quod</span> <span class='ocrx_word' id='word_1_59' title='bbox 755 845 920 885; x_wconf 89' lang='lat' dir='ltr'>proprium</span> <span class='ocrx_word' id='word_1_60' title='bbox 934 843 1075 874; x_wconf 90' lang='lat' dir='ltr'>continet</span> <span class='ocrx_word' id='word_1_61' title='bbox 1101 843 1229 874; x_wconf 86' lang='lat' dir='ltr'>almum.</span> 
     </span>
    </p>
   </div>
   <div class='ocr_carea' id='block_1_11' title="bbox 504 929 1178 1114">
    <p class='ocr_par' dir='ltr' id='par_1_11' title="bbox 504 929 1136 1066">
     <span class='ocr_line' id='line_1_20' title="bbox 504 929 1136 971; baseline -0.006 -7"><span class='ocrx_word' id='word_1_62' title='bbox 504 933 553 964; x_wconf 82' lang='lat' dir='ltr'>Ex</span> <span class='ocrx_word' id='word_1_63' title='bbox 581 933 650 970; x_wconf 85' lang='lat' dir='ltr'>hoe,</span> <span class='ocrx_word' id='word_1_64' title='bbox 678 932 779 971; x_wconf 84' lang='lat' dir='ltr'>virgo,</span> <span class='ocrx_word' id='word_1_65' title='bbox 805 931 876 961; x_wconf 89' lang='lat' dir='ltr'>loco</span> <span class='ocrx_word' id='word_1_66' title='bbox 902 930 997 961; x_wconf 82' lang='lat' dir='ltr'>noxia</span> <span class='ocrx_word' id='word_1_67' title='bbox 1023 929 1136 969; x_wconf 86' lang='lat' dir='ltr'>pellas,</span> 
     </span>
     <span class='ocr_line' id='line_1_21' title="bbox 506 981 1119 1019; baseline -0.008 -7"><span class='ocrx_word' id='word_1_68' title='bbox 506 981 599 1012; x_wconf 86' lang='lat' dir='ltr'>Hunc</span> <span class='ocrx_word' id='word_1_69' title='bbox 625 983 655 1010; x_wconf 88' lang='lat' dir='ltr'>et</span> <span class='ocrx_word' id='word_1_70' title='bbox 681 982 836 1019; x_wconf 82' lang='lat' dir='ltr'>perpetuo</span> <span class='ocrx_word' id='word_1_71' title='bbox 862 986 991 1009; x_wconf 86' lang='lat' dir='ltr'>munere</span> <span class='ocrx_word' id='word_1_72' title='bbox 1017 986 1119 1015; x_wconf 84' lang='lat' dir='ltr'>serva,</span> 
     </span>
     <span class='ocr_line' id='line_1_22' title="bbox 511 1025 1064 1066; baseline -0.007 -7"><span class='ocrx_word' id='word_1_73' title='bbox 511 1029 554 1060; x_wconf 67' lang='lat' dir='ltr'>[t</span> <span class='ocrx_word' id='word_1_74' title='bbox 580 1037 692 1058; x_wconf 84' lang='lat' dir='ltr'>secura</span> <span class='ocrx_word' id='word_1_75' title='bbox 718 1027 806 1066; x_wconf 85' lang='lat' dir='ltr'>quies</span> <span class='ocrx_word' id='word_1_76' title='bbox 832 1029 924 1057; x_wconf 85' lang='lat' dir='ltr'>nocte</span> <span class='ocrx_word' id='word_1_77' title='bbox 951 1025 1064 1064; x_wconf 82' lang='lat' dir='ltr'>dieque</span> 
     </span>
    </p>

    <p class='ocr_par' dir='ltr' id='par_1_12' title="bbox 507 1073 1178 1114">
     <span class='ocr_line' id='line_1_23' title="bbox 507 1073 1178 1114; baseline -0.006 -8"><span class='ocrx_word' id='word_1_78' title='bbox 507 1075 574 1106; x_wconf 73' lang='lat' dir='ltr'>Nos</span> <span class='ocrx_word' id='word_1_79' title='bbox 600 1083 726 1114; x_wconf 81' lang='lat' dir='ltr'>semper</span> <span class='ocrx_word' id='word_1_80' title='bbox 753 1073 868 1113; x_wconf 63' lang='lat' dir='ltr'>foveat,</span> <span class='ocrx_word' id='word_1_81' title='bbox 895 1073 1054 1112; x_wconf 83' lang='lat' dir='ltr'>poscimus</span> <span class='ocrx_word' id='word_1_82' title='bbox 1081 1075 1111 1102; x_wconf 88' lang='lat' dir='ltr'>et</span> <span class='ocrx_word' id='word_1_83' title='bbox 1137 1076 1178 1103; x_wconf 86' lang='lat' dir='ltr'>te.</span> 
     </span>
    </p>
   </div>
   <div class='ocr_carea' id='block_1_12' title="bbox 474 1157 1165 1200">
    <p class='ocr_par' dir='ltr' id='par_1_13' title="bbox 474 1157 1165 1200">
     <span class='ocr_line' id='line_1_24' title="bbox 474 1157 1165 1200; baseline -0.007 -7"><span class='ocrx_word' id='word_1_84' title='bbox 474 1187 480 1193; x_wconf 95' lang='lat'>.</span> <span class='ocrx_word' id='word_1_85' title='bbox 507 1161 714 1200; x_wconf 86' lang='lat' dir='ltr'>Praepollens</span> <span class='ocrx_word' id='word_1_86' title='bbox 741 1159 863 1190; x_wconf 74' lang='lat' dir='ltr'>meritis</span> <span class='ocrx_word' id='word_1_87' title='bbox 890 1163 1013 1199; x_wconf 83' lang='lat' dir='ltr'>martyr</span> <span class='ocrx_word' id='word_1_88' title='bbox 1038 1157 1165 1197; x_wconf 88' lang='lat' dir='ltr'>ubique,</span> 
     </span>
    </p>
   </div>
   <div class='ocr_carea' id='block_1_13' title="bbox 507 1205 1158 1341">
    <p class='ocr_par' dir='ltr' id='par_1_14' title="bbox 507 1205 1158 1341">
     <span class='ocr_line' id='line_1_25' title="bbox 507 1205 1158 1248; baseline -0.006 -8"><span class='ocrx_word' id='word_1_89' title='bbox 507 1209 553 1241; x_wconf 88' lang='lat' dir='ltr'>Te</span> <span class='ocrx_word' id='word_1_90' title='bbox 579 1208 688 1248; x_wconf 88' lang='lat' dir='ltr'>pronis</span> <span class='ocrx_word' id='word_1_91' title='bbox 715 1207 851 1247; x_wconf 83' lang='lat' dir='ltr'>petimus</span> <span class='ocrx_word' id='word_1_92' title='bbox 877 1205 1047 1245; x_wconf 75' lang='lat' dir='ltr'>mentibus⁷</span> <span class='ocrx_word' id='word_1_93' title='bbox 1074 1213 1158 1243; x_wconf 71' lang='lat' dir='ltr'>ecce,</span> 
     </span>
     <span class='ocr_line' id='line_1_26' title="bbox 509 1253 1080 1294; baseline -0.007 -7"><span class='ocrx_word' id='word_1_94' title='bbox 509 1257 552 1289; x_wconf 87' lang='lat' dir='ltr'>Ut</span> <span class='ocrx_word' id='word_1_95' title='bbox 579 1262 610 1286; x_wconf 77' lang='lat' dir='ltr'>te</span> <span class='ocrx_word' id='word_1_96' title='bbox 636 1265 694 1294; x_wconf 90' lang='lat' dir='ltr'>pro</span> <span class='ocrx_word' id='word_1_97' title='bbox 722 1254 849 1286; x_wconf 81' lang='lat' dir='ltr'>famulis</span> <span class='ocrx_word' id='word_1_98' title='bbox 873 1253 1080 1285; x_wconf 78' lang='lat' dir='ltr'>subveniente</span> 
     </span>
     <span class='ocr_line' id='line_1_27' title="bbox 511 1301 1100 1341; baseline -0.005 -7"><span class='ocrx_word' id='word_1_99' title='bbox 511 1304 613 1334; x_wconf 74' lang='lat' dir='ltr'>Possit</span> <span class='ocrx_word' id='word_1_100' title='bbox 640 1307 748 1334; x_wconf 82' lang='lat' dir='ltr'>nostra</span> <span class='ocrx_word' id='word_1_101' title='bbox 774 1302 843 1334; x_wconf 88' lang='lat' dir='ltr'>Deo</span> <span class='ocrx_word' id='word_1_102' title='bbox 870 1302 935 1333; x_wconf 78' lang='lat' dir='ltr'>vita</span> <span class='ocrx_word' id='word_1_103' title='bbox 961 1301 1100 1341; x_wconf 85' lang='lat' dir='ltr'>placere.</span> 
     </span>
    </p>
   </div>
   <div class='ocr_carea' id='block_1_14' title="bbox 507 1386 1192 1572">
    <p class='ocr_par' dir='ltr' id='par_1_15' title="bbox 507 1386 1192 1572">
     <span class='ocr_line' id='line_1_28' title="bbox 509 1386 1101 1428; baseline -0.005 -8"><span class='ocrx_word' id='word_1_104' title='bbox 509 1390 534 1421; x_wconf 95' lang='grc' dir='ltr'>Ο</span> <span class='ocrx_word' id='word_1_105' title='bbox 562 1390 650 1428; x_wconf 83' lang='lat' dir='ltr'>virgo</span> <span class='ocrx_word' id='word_1_106' title='bbox 676 1389 811 1420; x_wconf 85' lang='lat' dir='ltr'>iutilans</span> <span class='ocrx_word' id='word_1_107' title='bbox 838 1388 932 1419; x_wconf 83' lang='lat' dir='ltr'>laude</span> <span class='ocrx_word' id='word_1_108' title='bbox 958 1386 1101 1426; x_wconf 82' lang='lat' dir='ltr'>perenni,</span> 
     </span>
     <span class='ocr_line' id='line_1_29' title="bbox 510 1434 1192 1476; baseline -0.004 -8"><span class='ocrx_word' id='word_1_109' title='bbox 510 1438 624 1476; x_wconf 88' lang='lat' dir='ltr'>Sponsi</span> <span class='ocrx_word' id='word_1_110' title='bbox 649 1437 743 1468; x_wconf 81' lang='lat' dir='ltr'>valde</span> <span class='ocrx_word' id='word_1_111' title='bbox 769 1440 883 1475; x_wconf 87' lang='lat' dir='ltr'>potens</span> <span class='ocrx_word' id='word_1_112' title='bbox 911 1443 1038 1466; x_wconf 89' lang='lat' dir='ltr'>munere</span> <span class='ocrx_word' id='word_1_113' title='bbox 1062 1434 1192 1476; x_wconf 87' lang='lat' dir='ltr'>Christi,</span> 
     </span>
     <span class='ocr_line' id='line_1_30' title="bbox 507 1485 1099 1523; baseline -0.005 -7"><span class='ocrx_word' id='word_1_114' title='bbox 507 1485 557 1516; x_wconf 83' lang='lat' dir='ltr'>Da</span> <span class='ocrx_word' id='word_1_115' title='bbox 584 1485 700 1515; x_wconf 85' lang='lat' dir='ltr'>virtute</span> <span class='ocrx_word' id='word_1_116' title='bbox 726 1489 780 1515; x_wconf 82' lang='lat' dir='ltr'>tua</span> <span class='ocrx_word' id='word_1_117' title='bbox 806 1492 961 1523; x_wconf 86' lang='lat' dir='ltr'>prospera</span> <span class='ocrx_word' id='word_1_118' title='bbox 987 1486 1099 1513; x_wconf 75' lang='lat' dir='ltr'>cuncta</span> 
     </span>
     <span class='ocr_line' id='line_1_31' title="bbox 512 1531 1041 1572; baseline 0 -9"><span class='ocrx_word' id='word_1_119' title='bbox 512 1533 672 1572; x_wconf 81' lang='lat' dir='ltr'>Oratuque</span> <span class='ocrx_word' id='word_1_120' title='bbox 694 1537 747 1563; x_wconf 86' lang='lat' dir='ltr'>tuo</span> <span class='ocrx_word' id='word_1_121' title='bbox 774 1531 906 1562; x_wconf 88' lang='lat' dir='ltr'>crimina</span> <span class='ocrx_word' id='word_1_122' title='bbox 931 1539 1041 1570; x_wconf 79' lang='lat' dir='ltr'>purga.</span> 
     </span>
    </p>
   </div>
   <div class='ocr_carea' id='block_1_15' title="bbox 509 1615 1092 1792">
    <p class='ocr_par' dir='ltr' id='par_1_16' title="bbox 509 1615 1092 1792">
     <span class='ocr_line' id='line_1_32' title="bbox 513 1615 1092 1650; baseline -0.005 -1"><span class='ocrx_word' id='word_1_123' title='bbox 513 1619 620 1649; x_wconf 64' lang='lat' dir='ltr'>Virtus</span> <span class='ocrx_word' id='word_1_124' title='bbox 649 1617 825 1648; x_wconf 86' lang='lat' dir='ltr'>subsidium</span> <span class='ocrx_word' id='word_1_125' title='bbox 851 1617 891 1648; x_wconf 89' lang='lat' dir='ltr'>sit</span> <span class='ocrx_word' id='word_1_126' title='bbox 918 1621 971 1647; x_wconf 85' lang='lat' dir='ltr'>tua</span> <span class='ocrx_word' id='word_1_127' title='bbox 998 1615 1092 1650; x_wconf 79' lang='lat' dir='ltr'>forte,</span> 
     </span>
     <span class='ocr_line' id='line_1_33' title="bbox 511 1665 1070 1704; baseline -0.004 -8"><span class='ocrx_word' id='word_1_128' title='bbox 511 1666 544 1697; x_wconf 89' lang='lat' dir='ltr'>Si</span> <span class='ocrx_word' id='word_1_129' title='bbox 570 1675 647 1703; x_wconf 87' lang='lat' dir='ltr'>quos</span> <span class='ocrx_word' id='word_1_130' title='bbox 673 1665 792 1696; x_wconf 79' lang='lat' dir='ltr'>auxilio</span> <span class='ocrx_word' id='word_1_131' title='bbox 818 1668 941 1696; x_wconf 78' lang='lat' dir='ltr'>constat</span> <span class='ocrx_word' id='word_1_132' title='bbox 967 1672 1070 1704; x_wconf 73' lang='lat' dir='ltr'>egere⁷</span> 
     </span>
     <span class='ocr_line' id='line_1_34' title="bbox 510 1711 1049 1751; baseline -0.004 -7"><span class='ocrx_word' id='word_1_133' title='bbox 510 1713 587 1744; x_wconf 87' lang='lat' dir='ltr'>Illos</span> <span class='ocrx_word' id='word_1_134' title='bbox 615 1718 645 1743; x_wconf 85' lang='lat' dir='ltr'>et</span> <span class='ocrx_word' id='word_1_135' title='bbox 672 1713 787 1744; x_wconf 85' lang='lat' dir='ltr'>validis</span> <span class='ocrx_word' id='word_1_136' title='bbox 813 1711 935 1744; x_wconf 88' lang='lat' dir='ltr'>viribus</span> <span class='ocrx_word' id='word_1_137' title='bbox 960 1719 1049 1751; x_wconf 76' lang='lat' dir='ltr'>auge⁷</span> 
     </span>
     <span class='ocr_line' id='line_1_35' title="bbox 509 1759 1049 1792; baseline -0.006 0"><span class='ocrx_word' id='word_1_138' title='bbox 509 1761 559 1792; x_wconf 74' lang='lat' dir='ltr'>Ne</span> <span class='ocrx_word' id='word_1_139' title='bbox 585 1770 652 1791; x_wconf 87' lang='lat' dir='ltr'>sese</span> <span class='ocrx_word' id='word_1_140' title='bbox 681 1761 810 1792; x_wconf 83' lang='lat' dir='ltr'>doleant</span> <span class='ocrx_word' id='word_1_141' title='bbox 836 1759 1049 1791; x_wconf 88' lang='lat' dir='ltr'>succubuisse.</span> 
     </span>
    </p>
   </div>
   <div class='ocr_carea' id='block_1_16' title="bbox 508 1845 1234 2030">
    <p class='ocr_par' dir='ltr' id='par_1_17' title="bbox 508 1845 1234 2030">
     <span class='ocr_line' id='line_1_36' title="bbox 513 1845 1188 1885; baseline -0.004 -6"><span class='ocrx_word' id='word_1_142' title='bbox 513 1847 660 1879; x_wconf 83' lang='lat' dir='ltr'>Solamen</span> <span class='ocrx_word' id='word_1_143' title='bbox 686 1847 810 1878; x_wconf 85' lang='lat' dir='ltr'>miseris</span> <span class='ocrx_word' id='word_1_144' title='bbox 836 1846 880 1877; x_wconf 89' lang='lat' dir='ltr'>sis</span> <span class='ocrx_word' id='word_1_145' title='bbox 906 1854 1029 1885; x_wconf 90' lang='lat' dir='ltr'>quoque</span> <span class='ocrx_word' id='word_1_146' title='bbox 1053 1845 1188 1883; x_wconf 73' lang='lat' dir='ltr'>firmum,</span> 
     </span>
     <span class='ocr_line' id='line_1_37' title="bbox 508 1893 1234 1935; baseline -0.004 -9"><span class='ocrx_word' id='word_1_147' title='bbox 508 1897 592 1935; x_wconf 86' lang='lat' dir='ltr'>Quos</span> <span class='ocrx_word' id='word_1_148' title='bbox 619 1904 687 1926; x_wconf 88' lang='lat' dir='ltr'>sors</span> <span class='ocrx_word' id='word_1_149' title='bbox 713 1895 792 1926; x_wconf 89' lang='lat' dir='ltr'>dura</span> <span class='ocrx_word' id='word_1_150' title='bbox 818 1894 935 1933; x_wconf 88' lang='lat' dir='ltr'>premit</span> <span class='ocrx_word' id='word_1_151' title='bbox 960 1893 1042 1924; x_wconf 87' lang='lat' dir='ltr'>mole</span> <span class='ocrx_word' id='word_1_152' title='bbox 1067 1893 1234 1931; x_wconf 84' lang='lat' dir='ltr'>malorum,</span> 
     </span>
     <span class='ocr_line' id='line_1_38' title="bbox 510 1941 1125 1984; baseline -0.003 -10"><span class='ocrx_word' id='word_1_153' title='bbox 510 1943 627 1974; x_wconf 86' lang='lat' dir='ltr'>Tristis</span> <span class='ocrx_word' id='word_1_154' title='bbox 653 1951 794 1984; x_wconf 83' lang='lat' dir='ltr'>quosque</span> <span class='ocrx_word' id='word_1_155' title='bbox 820 1946 905 1972; x_wconf 84' lang='lat' dir='ltr'>tenet</span> <span class='ocrx_word' id='word_1_156' title='bbox 932 1941 1125 1978; x_wconf 69' lang='lat' dir='ltr'>sollicitudo,</span> 
     </span>
     <span class='ocr_line' id='line_1_39' title="bbox 510 1990 1069 2030; baseline -0.007 -7"><span class='ocrx_word' id='word_1_157' title='bbox 510 1992 667 2023; x_wconf 85' lang='lat' dir='ltr'>Adversis</span> <span class='ocrx_word' id='word_1_158' title='bbox 695 1990 816 2029; x_wconf 86' lang='lat' dir='ltr'>laqueis</span> <span class='ocrx_word' id='word_1_159' title='bbox 842 1990 941 2030; x_wconf 84' lang='lat' dir='ltr'>eripe,</span> <span class='ocrx_word' id='word_1_160' title='bbox 969 1990 1069 2028; x_wconf 81' lang='lat' dir='ltr'>virgo.</span> 
     </span>
    </p>
   </div>
   <div class='ocr_carea' id='block_1_17' title="bbox 510 2076 1330 2260">
    <p class='ocr_par' dir='ltr' id='par_1_18' title="bbox 512 2076 1330 2212">
     <span class='ocr_line' id='line_1_40' title="bbox 514 2076 1156 2115; baseline -0.006 -6"><span class='ocrx_word' id='word_1_161' title='bbox 514 2077 667 2110; x_wconf 76' lang='lat' dir='ltr'>Adiutrix</span> <span class='ocrx_word' id='word_1_162' title='bbox 689 2080 744 2108; x_wconf 87' lang='lat' dir='ltr'>tua</span> <span class='ocrx_word' id='word_1_163' title='bbox 769 2076 810 2107; x_wconf 91' lang='lat' dir='ltr'>sit</span> <span class='ocrx_word' id='word_1_164' title='bbox 837 2076 970 2107; x_wconf 81' lang='lat' dir='ltr'>dextera</span> <span class='ocrx_word' id='word_1_165' title='bbox 995 2083 1156 2115; x_wconf 85' lang='lat' dir='ltr'>praesens,</span> 
     </span>
     <span class='ocr_line' id='line_1_41' title="bbox 513 2123 1330 2164; baseline -0.002 -7"><span class='ocrx_word' id='word_1_166' title='bbox 513 2126 693 2163; x_wconf 77' lang='lat' dir='ltr'>praestans,</span> <span class='ocrx_word' id='word_1_167' title='bbox 721 2133 801 2164; x_wconf 82' lang='lat' dir='ltr'>quae</span> <span class='ocrx_word' id='word_1_168' title='bbox 827 2123 910 2156; x_wconf 79' lang='lat' dir='ltr'>bona</span> <span class='ocrx_word' id='word_1_169' title='bbox 936 2128 1018 2159; x_wconf 84' lang='lat' dir='ltr'>sunt,</span> <span class='ocrx_word' id='word_1_170' title='bbox 1047 2130 1161 2162; x_wconf 82' lang='lat' dir='ltr'>aspera</span> <span class='ocrx_word' id='word_1_171' title='bbox 1186 2123 1330 2164; x_wconf 83' lang='lat' dir='ltr'>pulsans,</span> 
     </span>
     <span class='ocr_line' id='line_1_42' title="bbox 512 2169 1178 2212; baseline -0.006 -7"><span class='ocrx_word' id='word_1_172' title='bbox 512 2174 710 2205; x_wconf 85' lang='lat' dir='ltr'>Conservans</span> <span class='ocrx_word' id='word_1_173' title='bbox 737 2171 882 2212; x_wconf 84' lang='lat' dir='ltr'>placidos</span> <span class='ocrx_word' id='word_1_174' title='bbox 908 2169 1020 2211; x_wconf 82' lang='lat' dir='ltr'>frange</span> <span class='ocrx_word' id='word_1_175' title='bbox 1042 2170 1178 2201; x_wconf 85' lang='lat' dir='ltr'>rebelles</span> 
     </span>
    </p>

    <p class='ocr_par' dir='ltr' id='par_1_19' title="bbox 510 2220 1074 2260">
     <span class='ocr_line' id='line_1_43' title="bbox 510 2220 1074 2260; baseline -0.007 -7"><span class='ocrx_word' id='word_1_176' title='bbox 510 2222 552 2253; x_wconf 88' lang='lat' dir='ltr'>Et</span> <span class='ocrx_word' id='word_1_177' title='bbox 578 2226 682 2253; x_wconf 84' lang='lat' dir='ltr'>tutata</span> <span class='ocrx_word' id='word_1_178' title='bbox 708 2220 776 2260; x_wconf 84' lang='lat' dir='ltr'>pios</span> <span class='ocrx_word' id='word_1_179' title='bbox 803 2224 932 2252; x_wconf 80' lang='lat' dir='ltr'>contere</span> <span class='ocrx_word' id='word_1_180' title='bbox 957 2223 1074 2250; x_wconf 86' lang='lat' dir='ltr'>sontes.</span> 
     </span>
    </p>
   </div>
   <div class='ocr_carea' id='block_1_18' title="bbox 511 2306 1180 2492">
    <p class='ocr_par' dir='ltr' id='par_1_20' title="bbox 511 2306 1180 2492">
     <span class='ocr_line' id='line_1_44' title="bbox 514 2306 1067 2346; baseline -0.007 -7"><span class='ocrx_word' id='word_1_181' title='bbox 514 2307 702 2340; x_wconf 83' lang='lat' dir='ltr'>Attendisse</span> <span class='ocrx_word' id='word_1_182' title='bbox 728 2306 807 2337; x_wconf 91' lang='lat' dir='ltr'>velis</span> <span class='ocrx_word' id='word_1_183' title='bbox 833 2309 907 2337; x_wconf 81' lang='lat' dir='ltr'>vota</span> <span class='ocrx_word' id='word_1_184' title='bbox 931 2309 1067 2346; x_wconf 84' lang='lat' dir='ltr'>tuorum,</span> 
     </span>
     <span class='ocr_line' id='line_1_45' title="bbox 511 2352 1180 2396; baseline -0.007 -8"><span class='ocrx_word' id='word_1_185' title='bbox 511 2356 595 2396; x_wconf 87' lang='lat' dir='ltr'>Ipsis</span> <span class='ocrx_word' id='word_1_186' title='bbox 620 2354 776 2395; x_wconf 90' lang='lat' dir='ltr'>quidquid</span> <span class='ocrx_word' id='word_1_187' title='bbox 802 2354 896 2394; x_wconf 84' lang='lat' dir='ltr'>inest,</span> <span class='ocrx_word' id='word_1_188' title='bbox 921 2353 998 2384; x_wconf 84' lang='lat' dir='ltr'>tolle</span> <span class='ocrx_word' id='word_1_189' title='bbox 1023 2352 1180 2393; x_wconf 82' lang='lat' dir='ltr'>nocivum,</span> 
     </span>
     <span class='ocr_line' id='line_1_46' title="bbox 512 2401 1175 2443; baseline -0.006 -7"><span class='ocrx_word' id='word_1_190' title='bbox 512 2404 630 2436; x_wconf 86' lang='lat' dir='ltr'>Mentis</span> <span class='ocrx_word' id='word_1_191' title='bbox 655 2403 739 2443; x_wconf 89' lang='lat' dir='ltr'>pelle</span> <span class='ocrx_word' id='word_1_192' title='bbox 764 2406 877 2441; x_wconf 65' lang='lat' dir='ltr'>metm,</span> <span class='ocrx_word' id='word_1_193' title='bbox 904 2401 1021 2441; x_wconf 81' lang='lat' dir='ltr'>gaudia</span> <span class='ocrx_word' id='word_1_194' title='bbox 1046 2401 1175 2443; x_wconf 82' lang='lat' dir='ltr'>praebe,</span> 
     </span>
     <span class='ocr_line' id='line_1_47' title="bbox 514 2449 1088 2492; baseline -0.003 -8"><span class='ocrx_word' id='word_1_195' title='bbox 514 2452 617 2484; x_wconf 89' lang='lat' dir='ltr'>Pestis</span> <span class='ocrx_word' id='word_1_196' title='bbox 643 2451 743 2492; x_wconf 87' lang='lat' dir='ltr'>possit</span> <span class='ocrx_word' id='word_1_197' title='bbox 770 2459 822 2481; x_wconf 84' lang='lat' dir='ltr'>eos</span> <span class='ocrx_word' id='word_1_198' title='bbox 849 2449 937 2481; x_wconf 82' lang='lat' dir='ltr'>nulla</span> <span class='ocrx_word' id='word_1_199' title='bbox 962 2458 1088 2482; x_wconf 88' lang='lat' dir='ltr'>nocere.</span> 
     </span>
    </p>
   </div>
  </div>
 </body>
</html>
