1653 2656
709 144 968 179 —158—

551 286 618 316 265.
642 286 682 316 De
704 294 728 317 S.
751 285 904 318 Gertrude
929 285 1117 316 Nivellensi.

682 347 722 374 In
752 345 781 374 1.
804 347 991 382 Vesperis.

182 424 214 456 1.
241 422 367 455 Assum
392 423 473 463 festa
500 423 641 455 iubilaea
868 424 901 458 3.
929 422 991 454 Cui
1019 422 1109 463 luna,
1137 423 1185 454 sol
1212 425 1241 454 et
1264 424 1378 455 omnia

241 471 278 503 In
305 470 475 502 Gertrudis
501 472 626 512 gaudia,
930 471 1118 502 Deserviunt
1146 480 1204 511 per
1229 475 1384 511 tempora,

241 518 323 550 Tota
347 519 463 558 psallat
490 519 623 550 ecclesia
929 517 1061 550 perfusa
1087 519 1166 550 caeli
1193 519 1296 558 gratia

242 566 365 597 Devota
391 567 519 598 laudum
546 567 721 606 dragmata.
927 566 1060 606 Semper
1087 567 1196 598 virtuti
1221 567 1342 599 dedita.

181 653 212 684 2.
241 651 342 684 Cuius
367 661 462 683 sac-ra
484 652 682 691 praecordia
867 655 898 686 4.
926 652 1072 684 Exsultec
1097 652 1177 684 caeli
1205 653 1291 693 reqio

243 699 300 731 Dei
328 700 434 730 invisit
461 700 572 740 gratia,
926 701 968 732 Et
993 701 1166 732 mundialis
1193 701 1350 741 machina,

241 747 282 779 Ut
310 752 393 778 esset
420 747 486 779 Deo
512 749 663 787 spons-ula
924 748 1070 788 Abyssus
1097 756 1191 788 atque
1217 749 1316 780 maria

241 795 338 826 Tliori
367 795 467 826 virilis
492 796 606 828 nescia.
925 796 1071 827 Laudent
1098 797 1198 828 Deum
1226 806 1285 836 per
1309 798 1447 831 saecula.

529 884 559 913 5.
587 882 680 913 Patri
706 891 832 913 summo
856 892 928 913 eum
954 882 1034 923 filio,

587 930 759 968 spiramini
786 939 909 970 quoque
935 939 1026 962 sacro

588 977 634 1008 Sit
662 978 855 1016 sempiterna
882 978 984 1018 gloria

587 1025 627 1056 Et
657 1025 689 1056 in
717 1025 834 1056 virtute
860 1026 973 1059 solida.

257 1108 391 1134 Officium
415 1109 521 1143 triplex
547 1109 716 1141 Ger-trudis,
738 1109 824 1136 divae
846 1111 984 1145 virginis.
1008 1112 1075 1146 imp.
1099 1110 1240 1138 Coloniae
1265 1110 1347 1139 1513.
1372 1127 1407 1130 —
1431 1111 1454 1143 1,
1477 1110 1495 1139 2

181 1145 253 1172 fehlt
283 1147 347 1173 eine
369 1146 464 1173 silbe:
491 1146 639 1173 vielleicht
661 1149 699 1174 ist
720 1148 770 1174 der
791 1149 882 1175 Name
904 1149 1056 1175 Ger-trudis
1078 1158 1115 1176 an
1139 1150 1229 1177 stelle
1251 1151 1332 1177 eines
1354 1150 1494 1186 ling-eren

183 1187 323 1219 getreten.
346 1199 381 1203 —
403 1184 429 1215 3,
455 1184 466 1211 1
490 1185 559 1211 luna
581 1185 660 1212 fehlt.
683 1200 718 1203 -—
740 1185 765 1217 5,
788 1185 805 1211 2
826 1196 908 1213 sacro
929 1187 1008 1213 fehlt.

552 1354 616 1384 266.
662 1354 700 1385 De
722 1363 745 1384 s.
768 1354 922 1386 Gertrude
943 1356 1122 1387 Nivellensi.

713 1415 760 1441 Ad
789 1416 943 1442 Laudes.

183 1491 213 1522 1.
239 1489 326 1529 Iesu,
353 1500 473 1522 sorana
501 1493 672 1532 virginum,
867 1496 897 1526 3.
926 1494 1132 1535 Quocumque
1151 1497 1274 1538 pergis,
1303 1497 1441 1536 rirqines

241 1537 318 1568 Tete
346 1537 515 1570 Gertrudis
542 1540 637 1570 coluit
925 1541 1106 1582 Sequuntur
1132 1542 1348 1582 famulamine,

240 1585 337 1625 Virgo
364 1595 493 1617 manens
521 1588 711 1627 perenniter.
925 1591 1014 1621 Inter
1038 1600 1116 1630 quas
1142 1593 1220 1623 assit
1246 1593 1368 1632 petenti

239 1636 306 1671 Quo
332 1633 389 1664 tibi
416 1635 464 1665 sic
490 1635 690 1674 complacuit.
925 1637 1096 1670 Gertrudis
1123 1641 1350 1675 consolamine.

180 1720 211 1751 2.
238 1718 300 1759 Qui
321 1719 434 1758 pascis
459 1720 544 1751 inter
569 1720 648 1762 lilia,
866 1724 898 1756 4.
925 1723 1019 1756 Laus
1045 1726 1112 1763 tibi,
1141 1725 1277 1765 Christe,
1305 1727 1433 1768 iuqiter,

241 1766 377 1806 Saeptus
405 1767 527 1799 choreis
553 1768 721 1811 virginum,
926 1771 1015 1803 Patri
1042 1782 1110 1804 curn
1138 1779 1249 1806 sancto
1275 1774 1413 1818 flamine,

240 1814 360 1853 Quibus
387 1814 558 1846 Gertrudis
583 1817 693 1848 inclita
926 1819 1037 1851 Solare
1062 1831 1119 1852 nos
1145 1824 1331 1861 perenniter

241 1862 424 1894 Cauendum
452 1864 569 1902 promit
596 1865 763 1899 canticum.
925 1867 1095 1900 Gertrudis
1124 1870 1359 1910 deprecamine.

258 1946 394 1974 Officium
416 1948 522 1982 triplex
543 1949 710 1979 Gertrudis,
739 1950 824 1978 divae
845 1952 985 1987 virginis,
1010 1955 1078 1989 iinp.
1101 1955 1242 1983 Coloniae
1266 1955 1348 1984 1513.
1373 1973 1408 1976 —
1433 1958 1456 1989 1.
1479 1957 1497 1986 3

180 1993 301 2012 manens
324 1986 441 2021 iugiter.
462 2001 500 2005 —
519 1986 545 2017 4,
573 1985 590 2014 2
612 1987 708 2015 Patre.

423 2155 486 2187 267.
526 2156 560 2187 ln
582 2157 800 2189 Translatione
822 2167 845 2190 s.
867 2159 1031 2191 Ger-trudis
1052 2161 1250 2195 Nivellensis.

682 2220 721 2246 In
752 2218 774 2246 1.
803 2220 870 2247 Ves
883 2222 992 2256 peris.

182 2292 214 2328 1.
241 2293 374 2335 Plaude,
401 2299 504 2326 mater
529 2296 674 2329 ecclesia.
868 2300 900 2333 2.
928 2299 1017 2331 Haec
1042 2303 1133 2333 annis
1159 2304 1265 2335 adhuc
1291 2310 1402 2340 tenera

245 2341 381 2374 Sanctae
407 2342 578 2375 Gertrudis
604 2344 698 2376 hodie
927 2347 1039 2380 Mente
1061 2350 1154 2382 senili
1179 2352 1304 2393 claruit,

239 2390 458 2423 Recensentur
483 2392 660 2431 sollemnia,
927 2395 1009 2428 Toto
1035 2398 1132 2430 corde
1158 2400 1343 2434 christifera

241 2438 342 2471 Adest
370 2439 438 2471 dies
462 2440 615 2474 laetitiae.
929 2443 996 2476 Soli
1022 2454 1055 2476 se
1081 2447 1180 2479 solam
1206 2449 1366 2488 praebuit.
