1653 2656
656 136 917 172 ——270-

558 307 626 338 452.
670 307 710 337 De
732 307 839 336 sancto
863 302 1025 335 Paxentio.

671 386 720 413 Ad
748 384 901 412 Laudes.

139 498 167 530 1.
194 497 275 537 Lux,
303 503 385 536 ecce,
414 494 515 533 surgit
541 501 647 532 aurea,

197 544 335 582 Diesque
361 542 491 582 ignescit
520 541 616 578 clara,

198 593 234 623 In
261 600 321 630 qna
346 594 468 629 martyr
495 588 668 620 Paxentius

197 639 286 671 Caeli
313 638 465 669 successit
491 636 623 668 civibus

140 746 170 777 2.
200 744 284 774 Voce
311 752 384 782 ergo
411 751 492 773 nunc
518 750 632 772 sonora

202 791 291 822 Laeti
315 791 382 822 Deo
407 790 577 830 praeconia

202 839 371 870 lubilemus
397 838 534 878 gloriosa

203 887 303 918 Huius
330 887 468 918 colentes
494 889 635 924 tropaea.

822 493 854 524 3.
880 491 1008 529 Martyr
1033 489 1105 529 pius
1128 491 1202 528 post
1227 487 1324 519 nimia

881 538 1125 570 Tormentorum
1149 536 1309 576 supplicia

883 586 947 618 Sub
975 585 1099 617 crudeli
1124 585 1189 615 ictu
1216 584 1300 615 ensis

884 634 989 667 Vitam
1016 633 1120 665 finivit
1144 633 1177 664 in
1204 633 1312 665 terris.

850 766 857 773 .
886 740 930 773 Ut
955 738 1103 771 columba
1128 737 1318 769 benedictus

885 787 963 819 Eius
990 791 1021 818 et
1047 787 1149 818 almus
1175 786 1320 826 spiritus,

885 835 1005 866 Terrae
1031 844 1147 874 corpus
1172 843 1261 865 suum
1292 833 1441 872 linquens

887 883 999 915 Caelos
1025 882 1138 922 petivit
1166 881 1380 922 congaudens.

547 993 578 1022 5.
605 989 697 1020 Doxa
724 988 807 1028 patri
837 991 867 1018 et
892 987 968 1027 filio,

603 1035 790 1076 Septifornii
817 1035 992 1076 paraclit03

603 1084 714 1122 Nobis,
742 1092 760 1114 ο
787 1087 910 1122 martyr
935 1083 1054 1121 inclite,

603 1131 721 1163 Salutis
751 1140 843 1170 opem
871 1131 1007 1170 porrige.

223 1247 305 1272 Brev.
328 1245 523 1272 Cluniacense
546 1246 614 1279 imp.
637 1245 760 1271 Parisiis
783 1241 865 1270 1503.

589 1461 656 1491 453.
698 1461 738 1491 De
760 1462 866 1491 sancto
887 1460 1002 1491 Peliuo.

658 1540 707 1566 Ad
734 1540 937 1575 Vespera&

148 1650 178 1682 1.
209 1649 330 1686 Gaude,
360 1647 435 1679 felix
464 1647 687 1687 Brundusium,

209 1698 312 1728 Tanto
340 1696 440 1727 ditata
467 1695 623 1735 praesule,

209 1745 306 1783 Quem
337 1747 515 1774 sanctorum
544 1742 702 1773 consortio

209 1793 316 1824 lunxit
341 1791 426 1822 Deus
453 1790 616 1830 martyrio.

150 1899 182 1931 2.
210 1897 273 1929 Hic
301 1897 456 1928 castitatis
483 1904 621 1933 munere,

211 1945 383 1976 Doctrinae
410 1943 509 1984 fulget
537 1943 647 1981 radiis,

210 1993 277 2024 Nec
302 1996 444 2024 metuens
470 1991 629 2032 supplicia

211 2042 310 2081 Quam
337 2041 444 2080 plures
469 2040 596 2072 Christo
622 2039 739 2079 genuit.

834 1648 864 1678 3.
893 1647 937 1679 Ut
963 1656 1077 1678 novum
1104 1647 1192 1678 sidus
1218 1647 1328 1678 micuit

893 1695 1008 1726 Sedem
1036 1699 1146 1725 tenens
1172 1695 1330 1734 Aproculi

895 1742 1032 1781 Pennus,
1060 1743 1189 1782 praesul
1215 1743 1356 1784 inclitus,

894 1790 985 1820 Vitae
1011 1789 1173 1830 refulgens
1199 1791 1332 1824 meritis.

861 1920 868 1927 .
896 1894 1012 1925 Hostes
1041 1895 1157 1926 devicit
1183 1894 1312 1928 fortiter

895 1942 987 1974 Idola
1012 1941 1095 1974 falsa
1121 1947 1298 1983 conterens,

898 1990 1040 2021 Tandem
1067 1994 1227 2022 sacratum
1254 1992 1440 2032 sanguinein

896 2037 1048 2069 Fundens
1075 2042 1161 2070 tenet
1187 2039 1348 2073 caelestia.

534 2149 564 2177 5.
592 2144 675 2176 Laus
703 2147 734 2175 et
759 2143 908 2184 perennis
934 2143 1041 2183 gloria

598 2192 666 2224 Deo
693 2192 779 2232 patri
806 2195 838 2223 et
863 2190 938 2228 filio,

601 2242 716 2272 Sancto
745 2240 839 2271 simul
865 2240 1022 2280 paraclito

599 2287 636 2320 In
664 2288 864 2319 saeculorum
890 2288 1028 2321 saecula.

231 2401 335 2431 Officia
367 2414 404 2431 SS.
440 2406 631 2439 patronorum
663 2403 805 2430 eeclesiae
836 2402 1050 2431 Brundusinae.
1081 2403 1127 2431 Ad
1159 2411 1292 2433 normam
1324 2406 1471 2433 Breviarii

155 2444 280 2470 Romani
303 2444 439 2470 restituta
489 2443 562 2478 Imp.
583 2443 695 2470 Romae
718 2438 800 2469 1583.
