1653 2656
500 815 520 846 1.
560 812 723 845 Praefatio
745 811 776 842 in
798 810 916 842 librum
938 810 1134 849 hymnorum.

300 907 452 940 Continet
478 904 681 944 hymnidicus
710 902 820 934 divino
845 901 915 932 iure
940 900 1069 931 libellus

298 956 341 988 Et
367 954 479 986 laudes
505 956 538 984 et
564 952 652 983 dicta
677 955 804 992 patrum
830 948 1014 980 veneranda
1040 947 1192 987 priorum.

299 1003 440 1043 Spiritus
467 1006 617 1033 aeternae
635 1008 713 1042 ,cum
741 998 899 1038 panderet
924 996 1035 1028 abdita
1063 996 1146 1026 vitae

299 1052 343 1084 Et
367 1049 606 1091 praecelsorum
632 1048 787 1078 lustraret
812 1049 944 1085 pectora
971 1048 1090 1083 vatum,

241 1103 271 1134 5.
300 1099 450 1132 Carmina
473 1096 591 1129 divinis
609 1094 764 1127 fuderunt
790 1093 897 1125 dulcia
923 1092 1041 1124 verbis.

298 1149 373 1181 Iure
399 1144 583 1186 prophetali
609 1143 727 1184 repleti
754 1140 842 1173 fonte
868 1140 1002 1180 perenni

300 1195 477 1228 Instituunt
501 1198 534 1225 et
559 1192 660 1224 corda
685 1191 791 1231 rigant
817 1189 1041 1227 hominumque
1067 1186 1215 1226 supernis

299 1244 427 1276 Mentes
454 1241 628 1273 conciliant
653 1244 683 1270 et
711 1239 752 1270 ad
779 1237 911 1269 aethera
937 1240 1070 1276 pectora
1096 1234 1222 1266 tollunt.

300 1292 386 1324 Hinc
413 1299 470 1323 rex
496 1297 688 1330 purpureus,
717 1286 847 1318 caelesti
874 1293 1005 1316 munere
1032 1284 1156 1323 dignus,

213 1343 270 1376 10.
298 1339 500 1374 chordarum
527 1337 680 1369 distincta
707 1336 817 1366 decem
844 1343 903 1374 per
928 1333 1070 1364 carmina
1097 1330 1204 1362 David

300 1388 439 1429 Aptavit
464 1386 609 1418 modulos
637 1388 668 1416 et
694 1383 844 1415 laudibus
873 1381 1001 1413 addidit
1027 1381 1172 1420 hymnos.

300 1438 390 1469 Haec
417 1435 568 1468 Salomon
594 1433 790 1464 monimenta
817 1434 933 1461 canunt
960 1429 1044 1469 quod
1070 1428 1102 1459 in
1128 1426 1241 1458 ordine
1267 1426 1379 1465 templi

303 1485 423 1518 Hausit
449 1483 633 1515 dulcisonas
660 1481 849 1521 hymnorum
877 1478 1024 1510 cantibus
1050 1476 1139 1508 odas.

306 1534 389 1566 Inde
414 1541 499 1564 nova
525 1530 583 1562 sub
611 1530 681 1569 lege
707 1532 827 1569 patreS,
856 1536 934 1567 quos
961 1528 1114 1567 personat
1139 1523 1237 1560 orbis,

222 1584 277 1618 15.
303 1581 495 1615 Ambrosius
522 1578 644 1610 meritis
672 1581 703 1608 et
729 1576 859 1616 praesul
888 1574 1034 1606 Hilarius
1060 1572 1153 1604 almis

304 1631 358 1664 Ad
385 1629 505 1661 cultum
533 1626 664 1660 deitatis
690 1628 800 1657 amant
830 1622 1050 1663 superaddere
1077 1628 1218 1656 carmen,

307 1678 458 1712 Carmina
485 1675 691 1715 carminibus,
720 1673 846 1713 hymnis
872 1676 907 1704 ut
933 1670 1080 1702 concinat
1110 1669 1256 1708 hymnus.

304 1728 388 1760 Nam
414 1735 485 1758 cum
512 1724 729 1765 psalmodicas
755 1730 847 1753 sacro
873 1718 1089 1751 modulamine
1117 1715 1253 1748 chordas

308 1775 468 1809 Davidica
495 1781 646 1805 resonare
673 1780 768 1802 manu
793 1768 1015 1801 contendimus
1042 1776 1101 1797 usu

220 1827 277 1860 20.
305 1824 449 1864 Antiqua
475 1823 596 1863 pietate
623 1821 699 1852 data
726 1818 961 1859 praemittimus
988 1816 1132 1854 hymnos7

304 1874 484 1906 Metrorum
511 1869 653 1902 numeris
680 1868 815 1900 astricta
841 1866 911 1906 lege
937 1867 1099 1899 sonantes,

308 1923 352 1957 Ut
380 1919 510 1953 foveant
534 1919 657 1951 animos
683 1916 862 1957 praemissa
887 1914 983 1946 laude
1010 1916 1168 1953 tepenteS,

307 1970 424 2004 Parius
451 1974 483 2000 et
509 1959 659 2000 resonent
686 1965 828 2007 psalmos
856 1963 909 2003 pia
937 1961 1035 1993 corda
1062 1964 1240 2000 sequentes

309 2020 466 2053 Crescant
491 2016 647 2049 ecclesiae
674 2014 785 2055 plebes
812 2016 843 2043 et
870 2011 1012 2043 carmina
1039 2013 1195 2046 crescant,

225 2072 281 2103 25.
309 2068 476 2101 Laudibus
504 2064 699 2107 hymnidicis
726 2062 773 2093 sic
798 2060 927 2092 saecula
954 2062 1069 2090 cuncta
1096 2057 1262 2088 resultent.

310 2119 404 2151 Hunc
430 2116 530 2157 igitur
556 2113 685 2145 titulum
712 2111 796 2143 liber
822 2110 874 2140 hic
901 2117 959 2148 per
985 2106 1140 2146 temporis
1166 2112 1257 2136 usum

309 2165 463 2206 Perpetui
491 2166 599 2195 teneat
624 2161 718 2193 nobis
742 2168 801 2200 per
827 2158 956 2190 saecula
982 2155 1104 2195 fixum;

311 2215 395 2247 Dum
422 2222 511 2245 mare
537 2212 676 2251 dumque
704 2209 809 2249 polus,
839 2208 913 2239 dum
941 2208 1065 2236 constat
1092 2203 1123 2233 in
1150 2201 1281 2233 aethere
1311 2195 1448 2233 nimbus,

310 2264 396 2296 Dum
423 2262 527 2303 spirat
553 2264 679 2297 ventus,
709 2258 783 2290 dum
808 2255 947 2294 cingitur
973 2252 1103 2285 aethere
1130 2250 1236 2288 tellus⁷

229 2315 285 2348 30.
315 2312 452 2352 Semper
477 2311 539 2342 erit
565 2306 730 2340 monachis
757 2303 976 2336 memorabilis
999 2302 1061 2332 iste
1087 2299 1225 2331 libellus.

242 2419 334 2447 Psalt.
347 2426 401 2446 ms.
414 2416 594 2444 corbeiense
617 2421 693 2440 saec.
717 2409 762 2437 11.
785 2408 856 2437 Cod.
873 2407 1048 2434 Ambianen.
1064 2401 1126 2431 131.
1142 2416 1178 2420 —
1196 2400 1211 2428 7
1228 2402 1387 2428 Insatuunt
1396 2399 1451 2426 Hs.
1462 2412 1499 2417 --

166 2458 345 2488 Aufschrift:
370 2456 500 2493 „Incipit
520 2452 666 2491 praefatio
690 2451 721 2477 in
742 2449 819 2476 libro
841 2442 1045 2482 hymnorum.‘⁴
1070 2444 1122 2470 Hs.
