1653 2656
724 137 768 142 -
819 117 962 152 29*—

608 248 652 280 41.
693 248 728 280 ln
750 249 840 280 Festo
862 249 1068 282 pentecostes.

173 339 204 372 1.
230 340 378 372 Aeterna
403 341 574 382 sapientia,
866 345 896 374 5.
926 342 1138 375 scientiarum
1165 342 1302 374 Domino

232 386 298 421 Per
323 398 418 429 quam
445 388 532 422 facta
556 393 631 421 sunt
655 389 771 430 omnia,
926 390 999 422 Tibi
1025 392 1066 422 sit
1092 391 1240 423 iubilatio

232 435 284 469 Da
309 446 425 478 sapere
451 438 646 470 christicolis
925 440 963 471 In
989 439 1107 470 nostris
1134 439 1337 480 cogitatibus,

232 484 355 518 Nectar
380 489 454 518 tuae
480 486 673 519 dulcedinis.
926 487 982 528 Te,
1010 487 1148 529 Christe,
1176 497 1239 519 non
1263 487 1449 519 latentibus,

172 582 205 613 2.
233 581 283 613 Tu
308 582 496 622 singillatim
525 583 669 614 cordium
866 585 898 617 6.
925 583 984 622 Tu,
1012 583 1094 615 bone
1121 587 1232 623 pastor
1258 584 1376 620 ovium.

231 629 373 662 Finxisti
400 634 524 662 certum
550 641 727 671 numerum,
925 631 1063 663 Servans
1077 632 1204 674 iustum,
1221 641 1378 672 quaerens
1393 642 1497 675 reum,

233 677 373 717 Quorum
399 679 486 711 solus
513 678 704 711 abscondita
925 680 961 711 In
988 681 1117 720 pascuis
1143 680 1314 712 uberrimis

232 726 399 768 Intellegis
426 727 572 759 concilia.
926 727 992 759 Nos
1014 728 1109 768 iunge
1135 728 1284 769 gregibus
1310 729 1386 768 piis.

174 823 206 857 3.
233 822 284 854 Tu
308 823 441 863 angelus
468 823 594 855 consilii
873 825 901 856 7.
931 824 979 855 Ne
1005 828 1110 855 terror
1136 825 1204 856 irae
1229 824 1344 856 iudicis

235 871 387 903 Crederis
411 871 636 911 antiquissimi,
928 872 995 903 Nos
1022 872 1133 903 hoedis
1156 873 1265 912 iungat
1293 871 1434 911 foetidis,

233 919 327 958 Quod
352 919 386 950 in
411 919 506 950 nobis
533 919 663 951 verifica
928 919 991 951 Sed
1018 921 1116 951 simus
1142 924 1240 951 temet
1265 921 1372 952 iudice

232 967 302 999 Tua
327 966 449 998 virtute
476 967 623 1006 provida.
927 968 1009 1000 Oves
1035 972 1108 999 tuae
1135 977 1284 1008 pascuae.

170 1063 203 1095 4.
230 1062 349 1104 Fortis,
379 1066 493 1103 potens
519 1063 550 1095 in
579 1064 714 1103 proelio,
867 1065 897 1096 8.
928 1063 975 1095 Sit
1002 1065 1139 1095 trinitati
1165 1065 1277 1103 gloria,

229 1110 278 1141 Tu
305 1114 414 1143 nostra
442 1112 486 1142 sis
511 1111 646 1143 munitio
924 1112 1047 1151 Honor,
1076 1112 1188 1151 virtus,
1217 1113 1362 1147 victoria,

225 1158 394 1190 Adversus
422 1159 645 1192 daemoniacas
923 1160 1082 1200 Regnanti
1108 1169 1206 1200 super
1232 1161 1338 1192 omnia

227 1207 355 1247 Pugnas
383 1211 479 1247 atque
504 1208 652 1240 insidias.
926 1208 986 1239 Per
1011 1209 1210 1240 saeculorum
1239 1209 1377 1240 saecula.

244 1303 354 1337 Hymn.
388 1312 441 1330 ms.
477 1305 505 1330 S.
541 1305 654 1330 Mariae
690 1303 820 1339 Magdal.
855 1303 944 1330 Clau
947 1304 1174 1339 troneolurtren
1209 1312 1285 1330 saec.
1322 1303 1395 1332 ¹³⁸14
1429 1306 1499 1333 Cod.

166 1341 487 1378 Claustroneoburgen.
514 1340 597 1370 1001.
619 1344 654 1368 Α.
676 1358 712 1361 -
735 1343 819 1369 Brev.
847 1351 901 1369 ms.
923 1342 1054 1369 Claustr(
1054 1343 1248 1378 neoburgens
1237 1352 1267 1369 e
1289 1352 1364 1371 saec.
1391 1343 1433 1371 l4.
1457 1346 1500 1372 in.

167 1379 238 1407 cod.
280 1379 551 1417 claustroneoburg
552 1390 597 1408 en.
643 1378 724 1408 1200.
767 1381 798 1408 B.
835 1396 871 1398 —
907 1382 1015 1416 Hymn.
1057 1390 1108 1408 ms.
1151 1383 1179 1408 S.
1218 1382 1332 1409 Mariae
1367 1383 1497 1418 Magdal.

167 1418 485 1455 claustroneoburgen.
513 1421 583 1446 anni
613 1417 697 1446 1336
728 1419 797 1446 Cod
820 1420 908 1447 Claus
912 1423 955 1446 tro
940 1420 1137 1455 mneoburgen
1169 1418 1250 1447 1000.
1272 1420 1302 1447 C.
1326 1436 1362 1440 —
1384 1422 1433 1456 Hy
1438 1431 1495 1449 mn.

166 1465 220 1484 ms.
242 1457 272 1484 S.
293 1455 410 1485 Mariae
430 1458 560 1494 Mag-dal
582 1458 853 1494 Claustroneoburg
855 1467 899 1485 en.
922 1468 997 1485 s.aec
1023 1457 1065 1485 14.
1089 1458 1158 1486 Cod.
1175 1459 1501 1496 Claustroneoburgen.

166 1493 232 1523 996.
255 1496 292 1523 D.
313 1511 351 1514 —
372 1497 421 1532 Hy
425 1506 481 1524 mn.
504 1506 556 1523 ms.
579 1497 607 1524 S
631 1498 745 1524 Mariae
766 1497 895 1533 Magdal.
917 1497 1236 1532 Claustroneoburgen
1260 1506 1337 1525 saec.
1363 1497 1406 1526 l4.
1429 1499 1463 1525 C
1464 1499 1498 1525 ›d.

167 1535 486 1571 Claustroneoburgen.
512 1534 579 1563 997.
607 1535 641 1562 Ε.
665 1550 700 1554 —
722 1536 831 1569 Hymu.
859 1545 910 1562 ms
940 1536 969 1563 S.
998 1537 1110 1563 Mariae
1139 1537 1206 1572 Mag
1199 1536 1268 1563 r.dal
1291 1537 1499 1564 Claustroneo-

166 1573 288 1609 burgen.
310 1582 387 1601 saec.
412 1573 454 1601 14.
478 1574 548 1601 Cod.
571 1574 889 1610 Claustroneoburgen.
931 1573 995 1601 999.
1020 1575 1050 1601 F.

245 1610 279 1645 2,
304 1611 317 1639 l
341 1613 493 1648 sigillatim
517 1614 547 1641 C.
570 1628 607 1631 —
628 1612 654 1645 2,
676 1611 693 1639 2
715 1614 825 1640 cervim
848 1622 1000 1640 numerum
1022 1614 1058 1639 D.
1084 1628 1119 1631 —
1141 1611 1167 1643 3,
1189 1611 1207 1640 3
1228 1614 1359 1641 veridica
1381 1614 1440 1642 CD.
1466 1632 1499 1634 —

166 1648 194 1682 4,
217 1648 231 1677 1
254 1653 284 1678 et
303 1654 408 1687 potens
429 1652 512 1679 BCF.
535 1668 570 1672 —
592 1650 618 1684 5,
641 1650 659 1679 3
679 1652 714 1678 In
735 1653 822 1679 terris
843 1653 1024 1688 cogitatibus
1046 1652 1076 1678 C.
1098 1666 1136 1671 —
1158 1651 1184 1686 6,
1209 1651 1221 1679 1
1245 1656 1347 1688 pastor
1369 1655 1499 1681 omnium

166 1689 198 1716 F.
220 1704 259 1708 -—
280 1688 312 1721 7,
339 1688 357 1717 3
387 1690 513 1718 iudicem
536 1691 617 1718 BCF.
639 1705 676 1709 —
699 1689 730 1721 7,
761 1689 779 1717 4
801 1691 873 1718 fehlt
894 1692 959 1718 eine
981 1691 1072 1718 Silhe.
1098 1707 1131 1711 —
1153 1689 1186 1723 8,
1215 1690 1233 1717 4
1255 1692 1375 1719 saecula
1397 1701 1498 1719 saecu-

166 1728 262 1755 lorum
283 1729 318 1756 D.
340 1744 378 1748 —
397 1730 456 1756 Der
477 1730 613 1765 Hymnus
642 1730 720 1757 steht
747 1738 813 1756 zum
835 1729 1038 1765 Pfingstfeste,
1066 1730 1196 1757 obschon
1226 1740 1256 1757 ei·
1285 1731 1338 1758 auf
1362 1731 1498 1759 dasselbe

166 1766 323 1794 inhaltlich
344 1768 484 1805 nirgends
506 1769 606 1805 Bezug
627 1769 740 1795 nimmt.

603 1899 606 1902 ’
658 1911 708 1941 42.
751 1911 783 1941 ln
805 1910 999 1942 Pentecoste.

622 1981 676 2008 Ad
707 1982 1043 2008 Processionem.

353 2070 459 2110 Salve,
488 2069 571 2102 festa
598 2070 677 2112 dieS,
707 2074 774 2102 toto
801 2069 996 2102 venerabilis
1023 2078 1117 2110 aevo,

400 2119 469 2159 Qua
493 2118 581 2151 Deus
607 2119 640 2151 in
667 2122 796 2150 sanctos
823 2117 926 2151 affluit
955 2119 1028 2159 igne
1054 2127 1138 2158 suos,

354 2167 409 2200 Ad
434 2176 492 2199 nos
519 2168 610 2199 mitte
635 2167 739 2208 patris
768 2167 961 2207 promissum
990 2170 1101 2198 nectar
1126 2166 1167 2197 ab
1194 2166 1301 2198 astris.

401 2217 552 2255 Pneurna‚
579 2217 664 2257 quod
692 2216 844 2248 emundet
870 2216 989 2247 crimen
1017 2219 1049 2246 et
1075 2223 1168 2246 omne
1195 2214 1290 2247 lavet.

352 2264 466 2297 Servet
493 2265 525 2296 in
553 2265 668 2297 exsilio
694 2274 752 2296 nos
778 2264 848 2304 ipse
875 2263 1054 2304 paraclitus
1080 2264 1154 2303 isto,

402 2312 541 2353 Soletur,
571 2312 689 2353 foveat,
716 2312 875 2353 provehat
901 2317 997 2352 atque
1023 2316 1124 2352 regat.

239 2410 372 2477 Ριοεξιξιέ.
414 2419 466 2437 ms.
509 2410 539 2438 S.
580 2411 696 2438 Mariae
736 2409 932 2446 Magdalenae
973 2417 1049 2436 saec.
1094 2406 1136 2434 14.
1179 2407 1250 2435 00d.
1288 2408 1496 2436 Claustroneo-

159 2450 280 2486 burgen.
365 2470 371 2476 .
