1653 2656
693 139 736 144 —
790 121 858 156 155
910 141 949 146 ——

162 215 216 249 13.
247 215 324 248 Post
349 217 583 256 quadriennem
611 228 756 259 puerum.
861 220 917 254 14.
944 220 1040 253 Cuius
1067 222 1241 254 munimine
1268 221 1341 255 fulti

245 263 346 302 Quem
373 271 491 305 puteus
517 266 695 310 absorbuit,
943 269 1128 302 Mereamur
1153 271 1221 302 eius
1247 272 1357 312 sponsi

245 312 273 343 A
299 315 424 346 taetrae
450 315 563 346 mortis
590 320 735 356 ereptum
943 318 1021 349 Cum
1047 318 1251 359 lampadibus
1279 320 1430 351 virtutum

244 359 382 394 Vinculo
408 363 504 394 matri
531 364 688 397 reddidit.
946 365 1119 398 Penetrare
1146 367 1336 400 cubiculum.

506 451 559 484 15.
589 450 683 483 Unde
708 451 777 482 laus
804 451 890 491 patri
915 456 1046 484 aeterno

589 499 660 532 Una
688 508 758 530 cnm
786 500 853 531 eius
880 499 946 532 filio

586 547 630 578 Et
656 548 772 587 spiritu
800 548 958 587 paraclito

589 595 625 626 ln
653 596 853 627 saeculorum
881 597 1019 628 saecula.

235 669 318 696 Pass.
350 678 403 696 ms.
433 669 464 696 S.
494 670 589 706 Eligii
618 672 794 699 Noviomen.
823 680 899 699 saec.
930 670 1002 699 ¹⁰s'11.
1036 672 1106 699 cod.
1139 674 1376 709 Sangenovofan.
1417 672 1493 701 3013

156 707 208 741 (Hl
225 705 319 734 V111⁰
341 706 377 743 2).
393 724 429 728 —
448 707 472 742 l,
497 708 509 736 l
526 710 686 737 Genovefa.
702 725 737 728 —
754 708 780 741 6,
802 709 820 737 3
834 711 879 737 Eo
895 712 1045 738 oveniens.
1067 726 1104 729 —
1119 710 1147 743 9,
1171 710 1183 738 l
1202 713 1344 739 virtutum
1360 713 1439 739 flore.
1456 729 1491 732 —

160 744 210 778 13,
236 744 254 773 3
282 755 326 782 sq.
352 747 472 774 vinculo
499 751 640 784 ereptum.
670 763 706 767 -
738 747 787 782 15,
816 748 834 776 3
855 750 902 776 Sit
928 751 1048 785 spiritui
1077 750 1231 785 paraclito.
1254 767 1290 770 —
1311 751 1489 778 Aufschrift:

158 785 295 820 Hymnus
318 786 497 813 eiusdem.
521 802 555 805 —
578 787 645 822 Vgl.
669 786 828 822 Saintyves
850 788 868 814 l.
889 797 913 814 c.
937 798 964 824 p.
989 787 1093 815 CXLI.

599 919 660 950 261.
703 919 745 950 De
767 922 880 950 sancta
902 919 1069 951 Genovesa.

393 991 424 1024 1.
453 990 515 1029 En,
544 990 637 1022 nobis
664 991 789 1030 species
816 991 989 1030 splendida
1016 1000 1153 1022 vernans

450 1038 594 1077 Festum,
622 1039 707 1078 quod
736 1039 863 1077 colitur,
891 1039 996 1069 innuit
1021 1040 1139 1070 almum

450 1086 554 1118 Melos
582 1087 614 1117 in
641 1087 741 1117 iubilo
769 1095 918 1126 promere
946 1091 1074 1118 cantum

453 1135 566 1166 Almae
590 1144 649 1174 pro
675 1135 798 1166 meritis
825 1144 909 1166 nunc
936 1133 1131 1167 Genovefae.

392 1224 423 1256 2.
454 1223 542 1255 Haec
570 1222 737 1261 primaeva
765 1231 897 1253 manens
919 1222 1005 1253 alma
1033 1222 1139 1261 puella

451 1271 638 1302 Monstrant
664 1269 834 1310 pontifices
863 1270 935 1310 quis
964 1270 1075 1309 Lupus
1101 1270 1185 1301 alter

451 1319 632 1351 Germanus
660 1319 789 1350 Domini
816 1323 950 1358 sponsat
976 1319 1106 1359 honore,

448 1368 549 1406 Quam
577 1367 707 1407 praesul
736 1367 871 1399 Villicus
897 1370 1033 1407 postque
1060 1367 1211 1399 sacravit..

394 1457 425 1489 3.
454 1455 577 1487 Sistens
605 1464 664 1495 per
691 1455 832 1487 decadas
859 1455 1004 1494 corporis
1031 1459 1103 1486 octo

450 1503 621 1536 Defunctis
650 1504 751 1536 valuit
778 1504 917 1536 reddere
944 1503 1053 1540 vitam,

450 1552 593 1585 Infirmis
619 1553 743 1592 pariter
769 1557 882 1584 sancta
909 1552 1044 1583 salutem

453 1601 586 1633 Cunctis
613 1604 643 1631 et
672 1601 800 1641 populis
826 1600 917 1641 signa
944 1604 1090 1632 venusta.

393 1690 425 1722 4.
453 1690 629 1720 Auctorem
656 1696 812 1727 superans
839 1687 951 1718 mortis
978 1690 1008 1718 et
1036 1687 1107 1727 ipsa

449 1737 625 1768 Auctorem
652 1736 797 1776 sequitur
823 1735 972 1768 omnibus
999 1735 1086 1767 horis

450 1785 628 1826 Christum,
656 1793 749 1824 quem
778 1793 934 1816 venerans
962 1788 1054 1815 nocte
1082 1784 1197 1824 dieque

452 1833 558 1866 Servit
585 1842 713 1873 semper
738 1842 838 1865 ovans
867 1833 955 1873 virgo
982 1836 1121 1865 sacrata.

395 1924 427 1955 5.
456 1921 523 1953 Nos
550 1921 677 1961 hymnis
704 1921 798 1952 simul
825 1924 858 1952 et
883 1920 1034 1952 laudibus
1061 1920 1166 1959 almis,

452 1970 589 2002 Psalmis
616 1969 810 2009 hymnidicis
837 1969 920 2001 hauc
946 1969 1148 2008 honoremuS,

451 2020 520 2060 Quo
547 2022 660 2050 sancta
686 2027 783 2060 prece
810 2027 866 2050 nos
894 2018 1004 2050 abluat
1032 2025 1141 2049 omnes

451 2068 495 2100 Et
522 2068 659 2100 mundos
686 2066 784 2099 faciat
811 2067 926 2098 sistere
953 2066 1094 2098 Christo.

394 2158 426 2190 6.
455 2156 586 2190 Christo
613 2156 708 2195 doxa,
737 2155 823 2195 patri
850 2158 1021 2194 pneumate
1049 2162 1194 2195 cumque,

454 2205 514 2237 Cui
541 2208 667 2236 constat
694 2204 797 2235 honor
822 2203 1067 2243 imperiumque,

453 2254 544 2287 Unus
571 2253 625 2293 qui
652 2252 740 2285 Deus
765 2256 813 2283 est
841 2255 956 2283 cuncta
982 2250 1175 2291 gubernans,

452 2302 604 2342 Regnans
630 2310 669 2333 ac
694 2301 868 2333 moderans
894 2300 1023 2332 saecula
1051 2302 1175 2331 cuncta.

238 2380 322 2408 Pass.
354 2387 409 2407 ms.
442 2379 471 2406 S.
501 2378 596 2414 Eligii
626 2378 803 2406 Noviomen.
836 2385 912 2404 saec.
946 2373 1020 2403 ¹⁰l11.
1055 2375 1125 2403 cod.
1153 2375 1389 2411 Sangenovefan.
1421 2374 1498 2403 3013

157 2419 220 2453 (Hl.
242 2419 316 2447 VIII
345 2416 383 2452 2).
405 2433 440 2437 -
467 2415 504 2450 2,
532 2415 551 2444 4
571 2417 696 2445 Vilicus.
719 2432 756 2436 -
779 2414 814 2448 3,
843 2414 863 2448 3,
885 2415 989 2443 salute.
1011 2429 1049 2435 -—
1070 2413 1104 2448 4,
1133 2412 1151 2441 3
1173 2414 1242 2449 Spin
1265 2423 1360 2450 quem.
1383 2429 1415 2433 —
1438 2414 1497 2442 Cfr.

160 2459 321 2494 Saintyves
344 2458 361 2485 l.
384 2466 409 2484 e.
431 2456 538 2485 CXLI.
