1653 2656
750 155 1007 189 -144-

631 333 698 364 243.
739 333 779 364 Dc
801 335 913 365 sancta
934 335 1117 367 Fortunata.

730 410 784 440 Ad
811 414 1014 450 Vesperas.

241 504 271 536 1.
299 503 475 537 Fortunata
501 507 648 540 amabilis
925 512 956 544 7.
984 511 1176 553 Cunctisque
1201 514 1436 546 admirantibus

298 551 339 582 Et
367 553 456 592 virgo
485 554 604 586 Christi
632 555 748 588 nobilis
982 559 1128 592 Donatur
1153 570 1260 594 serrae
1288 562 1447 599 dentibus.

297 598 437 639 Reliquit
466 602 574 633 mundi
602 604 763 646 terminos,
981 607 1079 648 Virgo
1106 608 1223 641 Christi
1251 611 1419 642 iuvencula

297 646 489 679 Conscendit
516 650 620 682 caelos
646 651 773 685 arduos.
980 655 1144 688 Remansit
1171 658 1239 689 sine
1266 659 1399 691 macula.

235 752 265 783 2.
291 752 321 782 A
347 761 401 783 sua
429 754 565 792 pueritia
919 759 949 791 8.
978 760 1157 792 Bestiarum
1185 762 1281 794 datur
1307 763 1475 803 unguibus⁷

293 798 433 839 Sequens
461 801 577 833 Christi
606 805 739 843 vestigia
978 808 1021 841 Ut
1049 809 1220 841 devoretur
1247 811 1406 852 dentibuS‚

292 847 493 879 Renuntiatis
520 851 665 881 omnibus
977 856 1140 888 Inclinatis
1167 858 1345 890 cervicibus

292 894 488 935 Resplendet
515 898 546 928 in
574 899 774 932 caelestibus.
977 903 1093 935 Tradit
1118 913 1152 936 se
1178 905 1238 937 Dei
1263 907 1402 939 nutibus.

229 999 259 1030 3.
287 998 358 1030 Non
388 1000 499 1032 dilexit
526 1004 692 1035 terrestria
916 1009 947 1040 9.
975 1007 1194 1041 Sententiatur
1219 1011 1367 1054 denique,

289 1046 355 1077 Nec
383 1047 597 1082 blandimenta
625 1052 740 1094 mollia,
973 1055 1015 1088 Ut
1042 1057 1252 1090 abscindatur
1277 1060 1392 1101 capite,

287 1093 350 1125 Sed
378 1104 510 1134 pergens
537 1098 576 1128 ad
605 1100 762 1138 supplicia
974 1104 1131 1145 virgoque
1158 1104 1261 1138 flectit
1287 1116 1399 1147 genua,

287 1142 349 1173 Pro
377 1142 504 1175 Christo
532 1145 706 1178 horribilia.
972 1152 1121 1184 Penetrat
1149 1154 1228 1185 caeli
1256 1155 1378 1190 limina.

226 1246 256 1277 4.
285 1244 327 1276 Ut
355 1252 532 1279 mereretur
556 1249 681 1288 ingredi
886 1255 940 1287 10.
969 1255 1021 1287 Sic
1046 1258 1135 1297 virgo
1161 1258 1278 1290 Christi
1308 1260 1428 1300 inclita,

283 1292 468 1324 Thalamum
498 1296 589 1335 regis,
618 1299 705 1329 avidi
967 1303 1105 1343 Sequens
1133 1306 1251 1337 Christi
1279 1309 1424 1349 vestigia,

282 1339 352 1371 Non
380 1342 482 1372 timuit
510 1346 711 1382 tyrannidem
967 1351 1138 1384 Tormenta
1165 1354 1324 1387 terribilia

279 1387 457 1420 Adversum
480 1394 509 1421 et
536 1392 750 1427 immanidem.
967 1398 1109 1432 Portavit
1137 1402 1238 1433 multa
1264 1403 1363 1436 milia.

220 1493 251 1524 5.
278 1491 478 1535 carceratur,
506 1497 693 1531 custoditur.
882 1502 934 1535 11.
962 1503 987 1535 Ο
1012 1504 1101 1544 virgo
1128 1505 1248 1539 Christi
1275 1508 1403 1549 nobilis,

275 1539 480 1580 Decalvatur‚
509 1543 555 1574 sic
581 1545 729 1589 trahitur,
962 1550 1041 1583 Esto
1068 1558 1177 1586 nostra
1203 1556 1392 1589 advocatrix

276 1586 391 1627 Fitque
417 1589 458 1620 ad
485 1591 655 1630 ignominia
961 1600 1058 1638 Apud
1086 1601 1188 1633 Deum
1215 1604 1416 1649 altissimum,

278 1634 342 1666 Pro
369 1636 470 1668 cultus
496 1641 697 1675 verecundia.
959 1647 1025 1685 Quo
1051 1649 1147 1681 ducat
1172 1660 1229 1683 nos
1254 1653 1295 1684 ad
1324 1653 1481 1691 bravium.

215 1740 248 1771 6.
274 1740 376 1771 Facto
402 1741 529 1774 Christo
555 1745 736 1786 precamine
876 1749 932 1781 12.
961 1750 1007 1783 Sit
1035 1752 1102 1784 Deo
1127 1756 1213 1794 patri
1239 1757 1352 1798 gloria,

271 1788 426 1827 Angelico
451 1790 609 1822 iuvamine
959 1797 1007 1829 Sit
1032 1799 1098 1832 filio
1125 1802 1270 1843 victoria,

272 1835 356 1866 Alba
382 1841 469 1868 veste
494 1838 646 1879 induitur,
958 1846 1070 1879 Honor
1095 1850 1135 1880 sit
1161 1857 1272 1884 sancto
1297 1853 1419 1888 flamini

270 1883 392 1922 Corpus
418 1885 463 1915 sic
490 1887 682 1925 cooperitur.
958 1894 1019 1925 Per
1044 1898 1171 1930 saecula
1196 1899 1362 1936 laudabili.

261 1987 343 2014 Offic.
365 1997 417 2014 ms.
440 1988 490 2016 SS.
517 1990 694 2018 Fortunatae
715 1996 743 2019 et
764 1993 907 2022 Gaudiosi
931 2005 1005 2024 saec.
1030 1998 1072 2026 16.
1095 2001 1164 2030 Cod.
1182 2004 1273 2032 Vatic.
1297 2007 1399 2043 Regin.
1419 2008 1502 2038 1794.

185 2024 218 2051 A.
241 2040 276 2044 —
298 2026 379 2053 Offic.
407 2028 436 2054 S
463 2028 640 2055 Fortunatae
668 2031 792 2066 virginis
821 2036 849 2059 et.
876 2033 904 2060 S.
924 2035 1067 2064 Gaudiosi
1093 2042 1225 2077 episcopi
1255 2047 1283 2071 et
1313 2047 1501 2076 confessoris.

184 2064 255 2099 Imp.
278 2065 401 2100 Neapoli
421 2064 509 2101 (apud
531 2067 687 2094 Cacchium
714 2073 743 2096 et
763 2071 870 2104 socios)
892 2070 972 2100 1568.
990 2075 1022 2101 Β.
1038 2091 1073 2095 —
1089 2078 1167 2106 Statt
1187 2079 1213 2113 2,
1235 2081 1252 2108 4
1274 2085 1305 2110 in
1319 2085 1343 2110 A
1365 2086 1502 2122 solgende

182 2102 243 2129 drei
265 2103 380 2130 Zeilen:

660 2144 801 2173 Caelestis
823 2151 1028 2178 mansionibus

657 2184 861 2220 Introiensque
881 2187 995 2224 fulgida

657 2223 837 2258 Resplendes
858 2227 935 2253 sicut
955 2228 1062 2256 sidera.

255 2291 282 2325 4,
303 2292 321 2320 4
341 2295 512 2330 Minantem,
534 2298 676 2334 mugitum
698 2299 816 2327 dantem
831 2301 866 2328 A.
886 2316 923 2320 —
943 2301 969 2335 5,
991 2302 1009 2331 3
1032 2305 1080 2332 Fit
1101 2308 1128 2334 ei
1143 2308 1308 2344 ignominia
1322 2313 1355 2341 Β.
1373 2329 1409 2334 -
1431 2314 1457 2349 5,
1479 2316 1499 2344 4

178 2330 222 2358 Ad
243 2332 389 2360 caelorum
410 2336 561 2363 scrutinia.
582 2337 615 2363 B.
636 2351 673 2355 —
694 2336 727 2370 6,
757 2337 770 2366 1
795 2339 907 2367 Christi
928 2342 993 2377 AB3
1023 2347 1191 2379 precamina
1211 2349 1246 2376 Α.
1270 2364 1307 2368 -
1327 2349 1358 2385 6,
1381 2351 1400 2380 4
1421 2354 1496 2383 Eius

177 2378 282 2406 eorpus
308 2373 349 2398 sic
374 2374 485 2409 tegitur
505 2374 538 2401 B.
566 2390 597 2393 —
620 2373 646 2408 8,
671 2375 684 2403 1
706 2377 802 2405 Datur
822 2379 981 2408 bestiarum
1003 2381 1038 2409 A.
1060 2397 1096 2401 —
1117 2383 1143 2418 9,
1165 2384 1183 2412 2
1204 2388 1379 2418 absindatur
1402 2393 1435 2419 Α.
1461 2409 1495 2413 -

177 2406 202 2440 9,
224 2407 242 2435 3
263 2409 338 2436 flecti
361 2411 398 2438 A.
418 2412 535 2445 —(Str.
560 2411 594 2441 lO
614 2414 687 2442 fehlt
702 2416 745 2450 B.)
765 2431 801 2436 —
823 2415 867 2451 lo,
889 2416 907 2445 2
921 2419 1011 2456 Sequi
1028 2421 1062 2448 A.
1085 2436 1119 2441 —
1144 2423 1186 2457 10,
1208 2424 1228 2452 4
1261 2427 1384 2457 Portavi
1400 2432 1435 2458 A.
1459 2447 1494 2452 --

178 2445 220 2476 11,
240 2446 257 2473 2
272 2449 319 2475 Sis
342 2458 393 2484 pro
414 2451 499 2478 nobis
514 2453 674 2481 immobilis
689 2455 721 2482 B.
744 2470 781 2475 —
797 2453 840 2490 ll,
862 2454 881 2484 4
897 2457 955 2492 Qui
971 2459 1008 2493 B;
1029 2459 1118 2488 ducat
1131 2471 1185 2490 nos
1207 2467 1235 2491 te
1251 2465 1387 2496 bravium
1402 2471 1438 2497 A.
1457 2486 1496 2491 —
