1653 2656
657 143 702 147 -
756 123 822 158 105
843 121 850 125 ”
872 142 920 147 -

119 219 152 253 3.
181 217 333 252 Sanctum
360 219 471 252 reddit
496 220 668 252 amabilem
815 222 848 254 4.
875 220 935 259 Qui
961 225 1136 261 martyrem
1162 222 1399 261 magnanimum

181 267 313 301 Cunctis
339 267 426 300 vitae
452 268 623 308 sobrietas,
875 268 1017 300 Felicem
1046 273 1119 310 post
1145 269 1313 301 victoriam

178 315 347 357 Pudicam,
375 319 509 356 castum,
535 316 685 348 stabilem
876 317 928 349 Ad
956 326 1066 349 verum
1094 317 1181 349 vexit
1208 317 1371 358 gaudium,

176 364 280 397 Potws
305 363 432 404 cibique
450 364 615 404 parcitas.
874 364 947 405 Ipsi
973 374 1135 398 canamus
1159 365 1311 407 yloriam.

550 463 582 493 5.
609 460 635 493 Ο
664 459 822 493 fortitudo
847 465 1038 502 martyrum.

195 562 282 589 Brev.
305 561 484 598 Stregnense
506 562 576 597 imp.
591 560 732 588 Holmiae
757 559 839 589 1495.
860 577 897 581 —
918 562 985 599 Vgl.
1008 562 1178 598 Klemming
1199 563 1222 595 Ι,
1238 561 1288 594 ὀξίς
1311 564 1386 590 Acta
1401 562 1454 590 SS.

118 601 188 629 Iulii
210 600 275 634 vn,
297 598 361 627 635.

401 731 460 765 177.
502 732 544 764 De
565 741 605 764 ss.
629 732 761 773 Brigida
783 734 814 764 et
836 733 947 764 Maura
968 733 1030 764 VV.
1053 735 1085 764 et
1106 733 1170 764 Mil.

628 805 668 831 In
698 803 722 831 1.
751 805 948 840 Vesperis.

123 898 156 932 1.
181 897 332 930 Exsultet
358 896 438 928 caeli
466 896 566 935 curia,
816 897 848 929 3.
875 896 1024 928 Activam
1051 896 1149 926 vitam
1177 895 1322 936 Brigida‚

182 945 336 978 Laetetur
362 948 393 976 et
419 945 557 977 ecclesia
876 944 1229 984 Contemplativamque
1256 943 1373 975 Maura

181 993 384 1027 Celebrando
410 993 579 1024 sollemnia
875 993 1045 1025 Duxerunt
1072 991 1172 1023 veluti
1199 991 1331 1023 Martha

181 1043 348 1083 virginum
373 1051 442 1073 cum
470 1042 604 1074 laetitia.
876 1040 919 1072 Et
946 1040 1013 1071 eius
1040 1049 1133 1071 soror
1160 1039 1275 1071 Maria.

120 1142 154 1174 2.
179 1139 370 1172 Maritorum
396 1138 558 1170 consortia
815 1139 847 1170 4.
876 1137 999 1168 Harum
1027 1136 1186 1176 virginum
1214 1135 1365 1176 precibus

178 1188 379 1228 Respuentes
407 1191 439 1218 et
464 1186 600 1226 praedia
875 1185 1072 1217 Mundemur
1098 1194 1116 1216 a
1143 1184 1331 1215 criminibus

179 1236 358 1276 Erogantes
386 1235 507 1269 Christi
534 1235 587 1274 pia
876 1233 1056 1265 Salvatoris
1084 1232 1265 1270 clementia,

180 1284 315 1317 Secutae
341 1288 415 1316 sunt
441 1283 587 1323 vestigia.
877 1281 974 1314 Cuius
1002 1280 1153 1313 fruuntur
1179 1281 1294 1322 gloria.

197 1386 282 1412 Brev.
303 1385 484 1412 Belvacense
509 1385 578 1420 imp.
600 1383 727 1410 Parisiis
745 1380 828 1410 1548.
851 1397 886 1402 ——
912 1383 979 1419 Vgl.
1001 1382 1057 1409 deu
1079 1382 1217 1418 Hymnus
1238 1381 1375 1417 gleichen
1397 1381 1457 1408 An-

119 1423 204 1460 fangs
224 1423 311 1451 Anal.
334 1423 415 1458 XIX,
439 1421 503 1450 160.

534 1556 593 1587 178.
635 1555 677 1585 De
700 1556 810 1585 sancio
833 1554 1038 1595 Brinnolpho.

640 1629 692 1657 Ad
719 1630 923 1664 Vesperas.

126 1722 158 1756 1.
184 1721 243 1763 Tu,
272 1729 400 1761 parens,
428 1723 504 1751 nato
533 1718 642 1750 debita
767 1713 774 1721 “
820 1719 852 1752 3.
880 1718 976 1749 Velut
1002 1717 1146 1757 beryllus
1173 1717 1326 1749 annulum

183 1769 329 1801 Laudum
354 1768 504 1809 persolve
532 1767 667 1809 cantica,
878 1767 979 1799 Ornat
1006 1775 1094 1798 suam
1121 1766 1304 1803 eeclesiam,

185 1818 282 1852 Cuius
309 1817 480 1858 praeclara
503 1816 620 1848 merita
878 1815 944 1846 Per
969 1815 1165 1855 pastoralem
1195 1814 1344 1845 baculum

182 1866 386 1907 Depromunt
413 1865 494 1898 haec
519 1864 698 1897 sollemnia.
883 1863 1022 1904 Gregem
1052 1864 1171 1895 ducens
1198 1863 1238 1894 ad
1267 1862 1420 1902 patriam.

130 1965 160 1998 2.
188 1963 408 2004 Brinnolphus
433 1963 539 1995 clarus
566 1962 720 2003 sanguine
823 1964 853 1994 4.
882 1961 971 1993 Sicut
997 1961 1082 1992 oliva
1109 1960 1274 2000 pullulans

182 2012 357 2046 Consuevit
382 2011 422 2044 ab
446 2010 585 2043 infantia
882 2010 917 2042 In
945 2009 1077 2050 pietatis
1103 2017 1201 2048 opere

180 2061 293 2094 Divini
318 2060 411 2094 verbi
435 2059 557 2092 semine
879 2058 1000 2099 Crevit,
1028 2058 1147 2089 virtute
1173 2057 1311 2089 rutilans

184 2109 247 2143 Sua
272 2110 401 2150 replere
428 2109 546 2143 studia.
880 2107 925 2140 Ut
953 2106 1075 2138 caelum
1103 2115 1160 2137 suo
1184 2105 1303 2139 sidere.

462 2210 493 2241 5.
521 2207 571 2240 Sit
597 2206 657 2238 tibi
684 2206 765 2245 laus,
793 2214 811 2237 o
837 2204 976 2246 trinitas,

520 2256 584 2288 Pro
610 2255 657 2286 tui
684 2254 770 2286 servi
797 2253 901 2294 gloria

519 2305 591 2337 Duc
616 2312 674 2335 nos
698 2311 758 2343 per
784 2304 889 2334 rectas
916 2299 1047 2332 semitas

518 2352 572 2385 Ad
599 2360 696 2384 verae
722 2350 804 2383 lucis
830 2349 960 2390 gaudia.

201 2457 287 2485 Brev.
311 2456 456 2484 Scarense
477 2455 547 2490 imp.
569 2452 785 2487 Norimbergae
810 2447 893 2477 1498.
914 2464 953 2469 -
972 2449 1040 2485 Vgl.
1063 2449 1236 2484 Klemming
1260 2449 1282 2481 Ι,
1303 2447 1342 2477 62
1363 2458 1392 2476 ιι.
1412 2449 1433 2476 f.
