1653 2656
687 109 925 144 -41-

139 202 173 236 5.
200 201 231 234 A
258 201 422 236 defunctis
450 205 612 238 relevatur

250 250 315 283 Per
341 256 531 294 conceptum
558 254 701 295 virginis,

839 207 869 242 ¹7.
896 208 927 240 A
955 208 1124 248 prophetis
1149 210 1378 250 praesignatur

944 256 1059 288 Annae
1085 257 1194 297 proles
1220 258 1340 300 inclita,

199 298 261 338 Qui
286 309 305 332 a
331 305 434 333 morte
460 301 630 334 tenebatur

249 347 353 389 culpa
379 350 475 389 primi
502 351 650 394 hominis,

201 395 310 428 Sacris
338 399 463 430 coronis
489 402 620 439 aptatur

251 444 384 477 Sursum
412 455 510 487 regno
538 448 679 481 luminis.

140 531 172 563 6.
200 529 352 563 Germine
377 536 447 564 sata
474 534 574 574 regali

249 580 346 622 Rosa,
375 581 465 612 verni
492 582 642 622 primula,

206 627 338 660 Necnon
366 633 396 660 et
423 629 601 669 pontificali

251 675 388 708 Florens
413 678 500 709 Iesse
525 679 659 719 virgula,

187 723 252 756 Per
277 734 371 765 quam
398 726 536 758 mundus
556 736 678 759 morsus
696 727 772 760 mali

246 772 359 805 Evasit
388 774 542 813 pericula.

897 305 960 337 Per
985 314 1079 344 quam
1108 306 1230 337 cunctis
1256 307 1343 338 salus
1363 307 1471 350 datur,

944 352 1069 385 Dantur
1094 354 1181 385 vitae
1207 355 1332 397 merita,

895 400 1024 433 Summa
1050 402 1143 433 sedes
1170 407 1342 442 reparatur

941 449 1053 481 Morsu
1079 451 1165 490 pomi
1191 451 1331 491 perdita.

833 535 864 567 8.
894 535 1020 568 Laudes
1045 545 1121 576 ergo
1146 546 1361 577 personemus

941 584 1026 615 Huic
1051 594 1143 616 sacro
1170 586 1317 625 germini,

892 632 965 669 Ore,
994 637 1068 664 voto
1096 633 1317 665 collaudemus

942 681 1006 712 Vas
1034 681 1184 714 decorum
1213 682 1353 722 Domini,

892 727 937 760 Ut
962 728 1003 760 ab
1029 729 1100 768 ipso
1124 734 1325 770 reportemus

943 777 1048 809 Vitam
1075 778 1175 809 iuncti
1201 779 1333 812 numini.

541 863 572 894 9.
602 861 714 893 Gloria
741 862 783 893 sit
808 862 877 894 Deo
903 872 1038 904 qnoque,

649 910 760 941 Virtus
785 913 818 941 et
841 910 1020 950 imperium,

602 957 674 989 Una
698 958 786 998 patri
811 957 941 998 filioque

648 1005 697 1037 Sit
721 1014 863 1045 perenne
888 1007 1049 1047 gaudium,

600 1053 793 1085 Procedenti
819 1054 860 1086 ab
884 1057 1019 1095 utroque

644 1101 729 1133 Laus
755 1106 787 1133 et
813 1102 910 1134 decus
933 1103 1075 1136 nimium.

210 1185 294 1212 Brev.
310 1194 363 1212 ms.
379 1185 564 1213 Senoniense
585 1185 714 1218 (Claudii
735 1187 859 1223 Iacquot
879 1187 914 1215 de
937 1187 1132 1221 Chaimoniis)
1152 1192 1220 1217 anni
1248 1190 1462 1220 1577—1580.

132 1223 203 1251 Cod.
226 1224 389 1259 Spinalien.
416 1222 469 1251 161
484 1222 550 1258 (76).
570 1239 607 1243 —
628 1223 654 1257 2,
678 1224 691 1251 1
708 1226 802 1262 Regia
822 1225 917 1254 donis.
934 1241 969 1245 ——
987 1225 1013 1258 2,
1035 1226 1052 1255 :3
1074 1230 1185 1255 ventris
1209 1232 1288 1257 ravit
1309 1234 1402 1266 cepta.
1427 1247 1462 1251 —

129 1260 158 1293 4,
179 1260 197 1289 4
218 1263 249 1289 in
270 1263 415 1290 ster-eicio.

503 1386 550 1417 60.
592 1387 634 1418 De
657 1387 863 1428 conceptione
885 1389 1001 1420 Beatae
1023 1389 1086 1420 MV.

674 1449 699 1475 A
708 1448 726 1475 d
754 1449 779 1475 L
788 1458 805 1476 a
814 1458 832 1476 u
840 1449 858 1476 d
867 1458 882 1476 e
891 1458 913 1476 s.

138 1524 170 1558 1.
198 1525 356 1557 Praesens
384 1525 452 1557 dies
479 1526 683 1566 expendatur

246 1574 283 1605 In
310 1573 377 1605 eius
402 1575 618 1614 praeconium,

194 1621 290 1653 Cuius
318 1626 490 1662 conceptus
513 1623 664 1656 laudatur

242 1670 360 1703 Salutis
387 1671 511 1702 initium

192 1718 236 1749 Et
261 1727 280 1750 a
305 1719 423 1751 mundo
449 1724 644 1752 memoratur

240 1767 276 1799 In
305 1767 464 1799 caelorum
491 1769 653 1810 gaudium.

129 1854 162 1887 2.
190 1853 279 1893 Dies,
307 1863 425 1894 praeco
454 1855 557 1887 dulcis
584 1860 684 1891 ortus.

241 1902 432 1935 Celebratur
458 1904 564 1945 hodie⁷

190 1951 326 1992 Mariae,
353 1961 434 1992 quae
462 1952 523 1984 fuit
548 1957 660 1993 portus

242 1999 362 2032 Salutis
389 2004 420 2032 et
445 2002 569 2042 gratiae

190 2048 231 2080 Et
260 2049 448 2082 deliciarum
475 2051 598 2093 hortus,

237 2098 323 2130 Rore
348 2098 462 2138 plenus
489 2099 621 2140 gloriae.

129 2186 162 2219 3.
190 2186 276 2226 Ergo
303 2185 416 2218 laudes
442 2186 475 2218 in
502 2187 562 2218 hac
589 2187 642 2218 die

225 2234 382 2267 Concinat
408 2235 556 2275 ecclesia,

189 2284 257 2322 Qua
282 2287 386 2315 mater
412 2293 523 2316 sacrae
549 2283 683 2323 sophiae

237 2333 424 2372 Inspirante
450 2332 555 2373 gratia

189 2380 388 2422 concipitur,
416 2381 510 2412 huius
537 2381 608 2413 viae

235 2430 366 2462 Perdux
392 2430 489 2462 stella
513 2430 657 2470 praevia.

826 1529 858 1561 4.
887 1529 977 1560 Haec
1003 1534 1050 1560 est
1078 1539 1161 1561 nova
1187 1531 1345 1573 genitura,

934 1578 1020 1618 Quae
1047 1587 1161 1610 novum
1190 1579 1245 1611 dat
1273 1580 1435 1619 gaudium,

886 1625 968 1657 Dum
997 1625 1152 1658 factorem
1181 1633 1327 1660 creatura

933 1675 1047 1706 Traxit
1073 1676 1114 1707 ad
1142 1676 1320 1713 conubium.

884 1723 951 1762 Quo
978 1733 1063 1755 mors
1089 1728 1192 1756 morte
1218 1726 1363 1765 peritura

937 1772 1071 1803 Virtutis
1100 1773 1154 1804 dat
1181 1774 1372 1814 praemium.

851 1886 856 1891 .
886 1858 986 1897 Virga
1013 1858 1123 1890 florem
1153 1864 1350 1900 conceptura

935 1907 1026 1939 Dono
1054 1909 1157 1939 sancti
1185 1909 1330 1949 spiritus,

887 1955 989 1988 Stella
1014 1957 1112 1989 solem
1140 1958 1297 1997 paritura,

933 2005 999 2044 Quo
1029 2005 1094 2036 Vae
1122 2010 1211 2045 patet
1239 2007 1354 2043 exitus,

885 2054 999 2085 Annae
1027 2054 1149 2085 ventris
1176 2054 1276 2085 intrat
1305 2065 1390 2097 rura,

933 2102 1058 2134 Mundo
1086 2102 1181 2134 datur
1209 2103 1353 2136 caelitus.

850 2213 857 2220 .
886 2188 979 2220 Hanc
1006 2187 1149 2228 perfudit
1178 2199 1230 2220 ros
1257 2190 1414 2232 novellus,

938 2237 1028 2268 Intra
1056 2238 1161 2268 carnis
1189 2237 1304 2269 horrea

884 2285 1011 2317 Maduit
1039 2290 1073 2316 ut
1100 2286 1261 2325 quondam
1289 2287 1401 2328 vellus,

934 2333 1027 2365 Sicca
1053 2338 1159 2365 tamen
1186 2344 1272 2373 area,

886 2383 964 2415 Cum
992 2383 1139 2422 concepit
1167 2383 1241 2414 dote
1267 2384 1362 2416 tellus

933 2431 1087 2463 Manente
1114 2431 1268 2472 virginea.
