1653 2656
719 124 958 159 -44-

183 225 215 257 3.
243 224 398 257 Caelestis
424 224 514 255 aulae
541 223 668 254 nuntius
867 223 897 253 5.
924 220 1055 260 Ligatus
1085 218 1146 250 iste
1171 218 1304 260 sanitas,

240 272 379 304 Tristem
406 272 530 303 solatur
555 271 666 303 citius:
924 269 987 301 Per
1012 276 1102 308 quern
1131 270 1241 298 nostra
1265 264 1438 297 infirmitas

239 320 427 359 Benedicta,
453 328 492 351 ne
516 320 638 360 timeas,
925 316 1072 355 Sanetur,
1099 320 1132 346 ut
1161 313 1349 346 caelestium

239 369 326 408 Quae
353 368 462 409 habes,
489 367 574 399 unde
599 367 748 407 gaudeas.
924 366 1143 404 Assequamur
1173 361 1379 394 consortium.

183 456 215 488 4.
242 455 338 494 Ecce,
366 454 454 494 virgo
481 453 640 493 concipies
868 453 900 485 6.
927 451 1039 483 Gloria
1064 450 1134 491 tibi,
1161 448 1309 489 Domine,

241 502 285 534 Et
308 502 396 541 virgo
422 510 552 532 manens
578 502 683 540 paries
927 499 985 539 Qui
1011 498 1109 529 filium
1138 506 1196 537 pro
1223 496 1349 527 homine

241 550 343 582 Deum
371 554 401 580 et
430 549 489 580 Dei
517 548 615 580 filium
927 547 1055 578 Dedisti
1080 554 1172 577 sacro
1198 544 1326 575 flamine

241 599 290 629 Ac
317 599 550 636 redemptorem
577 597 727 636 gentium.
928 595 1121 635 Conceptum
1148 598 1177 624 et
1208 593 1246 624 de
1272 592 1406 631 virgine.

257 683 361 709 Diurn.
383 686 411 709 et
433 682 529 716 hymn.
553 691 603 708 ως.
625 681 773 708 Benedict.
795 680 908 707 Suecic.
929 688 1004 706 saec.
1029 678 1071 705 15.
1094 678 1163 706 Cod.
1179 677 1320 713 Upsalen.
1342 676 1364 704 C
1378 674 1496 703 477.—

179 719 206 752 4,
228 719 245 747 2
267 730 374 747 manes.
394 734 429 738 —
444 721 496 747 Bei
520 721 687 755 Klemming
707 720 746 751 ΙΙ,
772 717 824 745 157
847 727 888 754 sq.
911 717 1073 745 irrtfimlich
1095 718 1138 744 als
1161 719 1294 751 Sequenz
1316 714 1495 742 bezeichnet.

609 852 655 881 66.
696 851 729 880 ln
751 849 941 880 visitatione
963 849 1049 879 miv.

183 934 212 964 1.
241 932 429 972 Figuratum
455 933 516 962 iam
543 932 700 963 detectum
868 931 899 962 3.
929 931 1069 969 Sponsus
1095 932 1166 960 tuus
1193 937 1306 968 regens
1334 927 1440 959 caelos

288 980 501 1019 Antiquarum
527 984 575 1010 est
603 979 715 1019 velum,
976 977 1205 1013 praestolatur,
1236 976 1375 1014 domina,

241 1028 412 1059 Zacharias
440 1027 513 1058 dum
541 1026 598 1058 sub
626 1030 743 1057 tectum
926 1026 1097 1056 Relevatos
1122 1029 1156 1055 ut
1182 1024 1315 1056 anhelos

291 1076 382 1107 Pacis
409 1075 541 1114 sumpsit
569 1074 724 1113 angelum,
975 1075 1001 1104 A
1030 1072 1151 1112 peccati
1179 1072 1305 1103 sarcina

242 1122 382 1153 Causans
410 1122 506 1153 Sarae
533 1123 628 1153 risum
657 1121 741 1160 pium
926 1121 978 1152 Ad
1005 1129 1038 1151 se
1067 1120 1163 1151 ducat
1188 1129 1244 1151 nos
1271 1120 1411 1151 camelos

293 1170 466 1202 Scultantis
488 1175 559 1209 post
585 1169 709 1201 ostium.
975 1168 1142 1199 Portantes
1173 1172 1326 1199 aromata.

182 1256 213 1287 2.
242 1255 302 1293 En,
331 1255 475 1286 Rebecca
503 1263 570 1285 cum
598 1255 726 1286 camelis
867 1256 899 1286 4.
927 1253 1038 1285 Gloria
1064 1254 1115 1293 sit,
1142 1254 1214 1284 Iesu
1240 1254 1303 1293 pie,

291 1303 423 1334 Servum
450 1301 535 1333 fovet
561 1303 721 1338 Abrahae,
973 1302 1046 1332 Tibi
1071 1310 1154 1332 nunc
1180 1306 1210 1332 et
1238 1302 1364 1341 iugiter,

242 1351 346 1389 Anna,
374 1355 476 1380 mater
501 1350 666 1390 Samuelis,
926 1350 1077 1380 Visitanti
1103 1349 1278 1381 Zachariae

290 1399 409 1430 Parens
437 1397 471 1428 fit
496 1406 533 1428 ex
560 1397 679 1428 sterile.
973 1397 1107 1428 Domum
1135 1397 1359 1438 personaliter,

245 1445 354 1484 Typus
380 1449 468 1484 patet
495 1445 655 1476 Gabrielis
924 1445 989 1476 Fac
1015 1454 1071 1476 nos
1099 1450 1139 1483 te.
1167 1445 1211 1476 fili
1238 1445 1372 1486 Mariae,

290 1493 465 1524 Verborum
492 1501 529 1523 ex
555 1493 646 1524 serie.
971 1494 1048 1525 Frui
1075 1493 1292 1525 aeternaliter.

258 1579 361 1604 Diurn.
391 1581 419 1604 et
444 1578 540 1612 hymn.
568 1577 748 1604 benedictin.
775 1577 887 1604 Suecic.
908 1586 983 1604 saec.
1008 1576 1049 1604 15.
1073 1578 1141 1604 Cod.
1164 1578 1305 1613 Upsalen.
1327 1579 1349 1605 C
1370 1578 1436 1606 477.
1457 1593 1495 1596 —

184 1615 207 1646 1,
229 1615 246 1643 6
267 1616 462 1651 Sculptantis;
485 1617 638 1642 scultantis
660 1619 730 1642 statt
751 1616 953 1643 auscultantis.
972 1631 1007 1634 —
1023 1614 1049 1648 3,
1071 1615 1088 1643 2
1110 1617 1320 1644 Praestolator.
1338 1632 1371 1635 —
1390 1618 1497 1645 Dieser

184 1655 317 1689 Hymnus
339 1654 410 1680 fehlt
431 1655 478 1681 bei
500 1655 674 1688 Klemming.

616 1776 659 1806 67.
701 1776 732 1806 ln
755 1775 943 1806 Yisitatione
965 1776 1052 1806 BMV.

188 1858 219 1890 1.
246 1856 405 1896 Hymnum
433 1856 501 1887 Deo
525 1855 706 1887 modulatur
868 1857 898 1888 3.
926 1857 1044 1897 Magna
1072 1856 1147 1889 fecit
1173 1858 1259 1890 Deus
1286 1861 1325 1890 ei.

298 1904 408 1936 Puella
435 1904 652 1935 dulcissimum
974 1907 1054 1944 Quia
1080 1910 1193 1946 potens
1219 1907 1356 1946 nomine,

244 1953 326 1984 Dum
352 1953 392 1983 ad
419 1955 509 1983 tanta
534 1951 723 1983 sublimatur
927 1953 1101 1985 Miseretur
1127 1955 1209 1985 enim
1237 1956 1295 1993 rei,

292 2001 354 2032 Pro
381 1999 482 2031 salute
509 1999 679 2040 hominum,
976 2001 1009 2032 Si
1036 2002 1131 2033 timor
1156 2003 1189 2034 in
1216 2003 1352 2045 homine,

244 2047 510 2088 Magnipendens,
538 2048 622 2087 quod
647 2052 807 2089 narratur,
928 2049 1096 2088 Proprium
1124 2055 1172 2081 est
1196 2051 1279 2082 enim
1305 2052 1367 2083 Dei

291 2095 479 2136 Magnificat
504 2095 684 2129 Dominum.
977 2098 1012 2129 In
1039 2098 1124 2128 omni
1151 2100 1315 2139 progenie.

184 2185 218 2216 2.
244 2182 304 2214 Est
329 2181 361 2213 in
388 2181 456 2213 Deo
482 2190 539 2212 sua
565 2185 634 2212 rata
869 2185 901 2214 4.
930 2182 1012 2214 Sede
1038 2183 1111 2213 iecit
1139 2193 1247 2226 vanos,
1276 2184 1353 2218 fecit

298 2226 424 2272 [Dulcis
451 2226 614 2272 visitatiOJ,
976 2231 1069 2262 Altos
1097 2232 1211 2264 dextra
1238 2234 1365 2275 divites,

250 2275 339 2321 [Sua]
368 2287 439 2309 uam
467 2278 668 2309 considerata
932 2279 1016 2310 Imos
1042 2279 1127 2311 levat
1153 2285 1185 2311 et
1210 2281 1326 2314 refecit

290 2326 350 2358 Est
375 2326 570 2366 bumiliatio3
977 2328 1062 2366 Quos
1088 2333 1182 2360 vexat
1208 2331 1338 2373 esuries,

245 2375 270 2406 O
297 2383 389 2414 quam
418 2374 502 2406 dicet
533 2374 640 2416 „Haec
664 2374 777 2406 beatau
932 2376 969 2407 ln
996 2377 1161 2414 promissis
1187 2383 1215 2408 et
1244 2379 1383 2418 profecit

292 2422 402 2454 Omnis
426 2424 588 2462 generatio
600 2423 605 2453 !
967 2425 1108 2464 Antiqua
1135 2428 1313 2467 progenies.
