1653 2656
745 167 1007 203 —275—

637 304 706 337 460.
750 307 791 339 De
813 312 922 342 saneto
943 312 1108 353 Prospero.

206 377 237 410 1.
265 378 290 410 O
317 379 456 419 gloriose
482 383 641 425 pontifex,

265 426 498 462 Miraculorum
525 432 647 476 opifex,

266 475 409 515 Implora
434 479 526 510 nobis
552 482 686 514 caelitus

264 523 392 564 Largiri
420 526 504 559 dona
529 530 674 568 spiritus,

203 609 234 640 2.
263 608 360 641 Cuius
386 612 536 650 perfusus
562 614 700 658 flamine,

264 658 426 691 Virtutum
454 661 560 694 clarus
586 673 728 705 munere,

262 705 404 746 Prosper
431 714 561 742 vocatus
588 714 726 753 nomine,

261 754 404 794 Prosper
429 756 465 788 fit
491 759 591 800 magis
617 770 726 800 opere.

198 840 230 873 3.
258 839 400 880 Sequens
427 852 535 876 veram
563 845 717 879 iustitiam

261 888 474 922 Perfectionis
500 903 632 933 operum

258 936 434 970 Terrenum
461 941 658 980 opulentiam

255 984 355 1017 Dedit
377 987 409 1018 in
437 988 525 1020 cibos
552 999 740 1030 pauperum.

194 1074 226 1104 4.
257 1072 403 1105 Paternis
429 1076 548 1114 spretis
575 1076 697 1108 laribus

251 1120 329 1151 Cum
355 1123 483 1162 pompis
510 1125 730 1157 saecularibus

249 1167 303 1198 Fit
329 1169 473 1201 imitator
495 1172 637 1211 sedulus,

247 1215 367 1248 Christi
395 1227 489 1250 verus
517 1220 705 1260 discipulus

902 394 936 425 5.
962 394 1081 426 Romae
1108 396 1172 428 cito
1197 400 1365 439 applicuit,

962 441 1127 481 instando,
1153 449 1187 476 ut
1212 450 1389 489 proposuit,

964 490 1019 521 Vir
1045 497 1186 531 sanctus,
1213 497 1419 540 apostolicus,

961 538 1112 582 Prosper,
1146 541 1258 574 doctor
1286 544 1447 581 basilicus,

909 624 931 652 ’.
959 623 1054 655 Hunc
1078 626 1225 665 pontifex
1252 639 1310 669 per
1337 633 1486 671 spiritum

958 671 1065 712 Elegit
1093 675 1124 705 iu
1151 678 1327 710 antistitem

958 719 1051 760 Regii
1077 723 1178 754 virum
1205 725 1361 763 inclitum,

956 767 1117 801 Bonorum
1145 781 1267 804 morum
1296 775 1437 810 divitem.

925 877 932 885 .
961 852 1059 885 Sacra
1086 854 1170 887 fudit
1198 858 1322 898 eloquia

957 901 1018 933 Per
1044 909 1156 936 cuncta
1184 908 1294 938 mundi
1323 911 1426 948 spatia

955 948 1129 982 Doctorum
1157 952 1214 984 flos
1242 956 1375 988 eximius

955 997 997 1028 Ut
1023 1001 1167 1036 paradisi
1194 1001 1320 1037 fluvius

949 1083 1042 1114 Omni
1068 1092 1213 1124 praestat
1238 1089 1413 1123 infirmanti

949 1131 1085 1163 Sanctus
1112 1144 1204 1173 opem
1231 1146 1265 1166 se
1292 1142 1427 1181 roganti,

947 1178 1070 1218 Caecis,
1099 1182 1233 1221 claudis,
1262 1188 1379 1227 surdis,
1407 1191 1502 1222 mutis

947 1226 1084 1259 Sanitati
1113 1232 1281 1264 restitutis.

576 1310 606 1340 9.
636 1308 758 1351 Honor,
788 1311 896 1353 decus,
925 1313 1094 1353 imperium

630 1356 679 1388 Sit
706 1357 786 1396 Deo,
813 1361 879 1400 regi
907 1362 1038 1402 gloriae,

636 1406 697 1445 Qui
725 1415 759 1438 se
786 1408 852 1439 suis
878 1409 911 1441 in
939 1412 1115 1449 praemium

633 1453 740 1485 Donat
765 1456 877 1488 electis
905 1460 1039 1497 patriae.

259 1533 342 1560 Offic.
373 1544 426 1561 ms.
449 1536 478 1561 ὃ.
506 1537 635 1573 Galgaui
658 1548 734 1566 saec.
758 1539 802 1568 16.
824 1543 895 1570 eod.
919 1544 1025 1574 Senon.
1049 1547 1071 1573 F
1093 1548 1131 1574 Vl
1155 1547 1199 1575 ⁴22.

1224 1567 1259 1569 —
1281 1550 1307 1583 ὅ,
1329 1551 1347 1579 4
1376 1554 1459 1581 cibis.
1481 1570 1520 1574 —

184 1570 212 1603 5,
234 1570 251 1598 2
273 1571 400 1601 lustaus.
425 1589 461 1593 —
483 1573 508 1609 6,
531 1574 549 1603 3
571 1577 654 1611 Regi.
676 1592 712 1597 —
736 1578 763 1613 8,
788 1579 801 1607 1
828 1582 858 1608 iu
880 1582 1021 1611 firmitati.

529 1730 589 1761 461.
631 1731 666 1762 In
690 1732 877 1766 Elevatione
901 1735 989 1768 beati
1013 1738 1163 1775 Quintini.

689 1794 741 1821 Ad
761 1795 1000 1825 Matutinum.

173 1866 202 1898 1.
232 1866 309 1898 Post
335 1871 521 1908 temporum
549 1873 742 1906 curriculum

233 1915 389 1955 Ignorant
414 1927 534 1951 ommes
561 1922 727 1960 tumulum,

232 1964 296 1996 Per
323 1965 466 1998 divinum
490 1970 655 2002 oraculum

277 2013 500 2048 Revelandum
526 2018 643 2059 Eligi0.

169 2101 201 2134 2.
229 2101 351 2135 Locum
378 2105 522 2138 illustrat
549 2107 691 2149 claritas,

224 2150 312 2183 Mira
338 2151 465 2194 fragrat
490 2156 644 2195 suavitas,

225 2199 344 2240 Fulget
371 2202 526 2234 virtutum
553 2206 679 2238 novitas

273 2247 443 2289 Signorurn
470 2253 664 2287 testimonio.

165 2334 198 2366 3.
223 2333 312 2366 Dens
339 2336 476 2369 eductus
502 2341 708 2378 putredinem

225 2381 296 2414 Non
325 2385 447 2428 educit,
475 2387 533 2419 sed
559 2391 760 2432 sanguinem,

222 2431 322 2471 Quem
349 2436 385 2464 ut
410 2433 477 2467 favi
505 2435 709 2471 dulcedinem

271 2480 383 2513 Sancti
409 2487 520 2515 servat
546 2485 686 2521 devotio,

871 1878 903 1910 4.
930 1877 1067 1912 Sanctus
1094 1886 1238 1914 sanctum
1266 1885 1425 1929 mirificat,

931 1927 1136 1967 Sepulturani
1163 1932 1324 1968 aedificat,

929 1976 1020 2007 Auro
1047 1980 1244 2020 geminisque
1271 1981 1420 2025 fabricat,

982 2026 1077 2057 Cuius
1102 2038 1154 2058 ars
1182 2030 1283 2061 maior
1309 2033 1426 2071 pretio.

893 2137 901 2145 .
931 2114 1077 2146 Lucerna
1105 2117 1211 2148 clausu
1240 2118 1374 2151 latebris

927 2162 1084 2203 Extingui
1112 2166 1220 2205 nequit
1249 2167 1401 2211 tenebris,

925 2211 978 2242 Ad
1008 2213 1067 2243 hoc
1095 2218 1178 2251 nata„
1207 2216 1291 2254 quod
1321 2217 1459 2251 celebris

977 2260 1055 2292 Eius
1083 2262 1138 2293 fiat
1163 2263 1345 2302 productio.

889 2370 897 2378 .
924 2346 1012 2387 Ergo
1038 2349 1148 2388 prodit
1174 2350 1206 2381 in
1233 2352 1374 2384 medium

925 2395 1043 2427 Sevata
1069 2406 1167 2437 super
1192 2400 1346 2441 modium,

923 2443 1007 2475 Dum
1034 2443 1162 2478 fervore
1188 2446 1331 2481 fidelium

972 2493 1157 2526 Renovatur
1183 2498 1365 2534 translatio.

1266 2553 1322 2584 18*
