1653 2656
163 1217 194 1247 {0

688 145 946 180 —116-

224 248 334 281 caeeis
358 247 482 287 lumen,
514 245 636 278 claudis
661 251 787 284 gressus

223 296 266 328 Et
292 296 397 327 surdis
423 302 515 326 aures
541 292 655 333 aperit,

223 343 321 376 Vadit
348 343 431 374 liber
456 341 570 373 vinclis
595 348 735 380 pressus,

223 391 378 423 Diffracta
402 389 545 420 membra
568 387 716 420 conserit.

223 468 262 499 Vi
288 466 449 506 oppressis
476 465 528 496 hic
553 464 672 496 tutelae

223 516 276 556 Et,
303 515 329 545 si
353 514 446 553 plura
472 512 645 552 requiritis,

222 563 303 602 Quot
328 566 401 592 sunt
426 559 544 598 morbi,
571 562 619 591 tot
642 557 786 590 medelae

224 611 260 642 In
287 609 388 641 sancti
414 607 520 639 David
546 606 679 640 meritis.

848 246 879 275 5.
906 241 1004 280 Ergo,
1029 241 1132 280 pater,
1160 245 1231 268 cum
1261 237 1308 268 sic
1332 236 1436 276 possis

906 292 935 321 A
961 287 1090 320 Christo
1114 288 1206 317 tanta
1228 286 1348 324 petere,

906 336 1009 369 Carne
1034 333 1166 374 pressis,
1191 341 1296 372 poena
1319 330 1414 364 fessis

905 384 1006 416 Tuum
1032 383 1177 414 levamen
1202 380 1322 420 ingere.

874 486 882 494 .
909 461 953 493 Ut
978 459 1082 491 sanati
1108 462 1141 489 et
1164 456 1262 489 levati

906 508 982 540 Tuis
1008 506 1143 539 sacratis
1169 504 1319 545 precibus

908 555 1123 588 Iucundemur
1147 557 1179 584 et
1203 553 1359 584 laetemur

908 603 1021 644 Largis
1044 602 1106 634 Dei
1132 599 1327 633 muneribus.

536 684 566 715 7.
595 683 739 715 Praestet
767 685 858 721 pater
884 680 1054 720 ingenitus.

240 762 324 788 Brev.
347 760 503 786 Arusiense
528 760 597 794 imp.
618 757 754 785 Basileae
778 754 861 783 1513.
882 769 919 774 —
943 755 1006 790 vgl.
1029 754 1176 788 Klemmig
1197 753 1219 785 1,
1241 750 1278 779 85
1299 761 1326 778 ιι.
1347 752 1367 778 f.

566 864 624 896 199.
666 864 707 894 De
729 866 835 895 sancto
855 862 991 893 Deodato
1012 861 1066 901 Ep.

679 924 727 950 Ad
755 924 950 958 Vesperas.

223 993 345 1035 Dignus
371 1003 491 1026 summo
517 994 549 1024 in
575 992 723 1024 laudibus

221 1043 290 1075 Deo
318 1043 410 1073 datus
437 1041 580 1081 egregius

223 1091 293 1122 Dux
320 1089 461 1129 gratibus
487 1087 666 1128 hymnificis

224 1138 293 1170 Deo
321 1139 413 1169 detur
438 1137 470 1167 in
497 1136 644 1167 modulis.

223 1211 401 1254 Erumpant
428 1216 550 1243 montes
575 1211 690 1251 gaudia

222 1261 265 1293 Et
292 1261 382 1292 vallis
409 1264 517 1291 nostra
544 1259 677 1298 cantica,

222 1309 316 1345 Ecce,
343 1308 396 1347 qui
422 1311 529 1338 noster
557 1305 671 1340 fuerat,

222 1357 377 1395 Ereptum
404 1355 547 1386 Christus
574 1353 732 1386 vendicat.

225 1430 288 1465 Ore
314 1432 446 1462 salutem
473 1430 672 1470 praedicans,

224 1480 336 1513 Ortum
365 1479 484 1510 doloris
512 1476 654 1508 refutans

223 1527 342 1560 Orabat
369 1527 453 1565 sequi
482 1525 661 1562 Dominum,

222 1575 337 1608 Odisse
363 1578 467 1605 monet
494 1573 652 1604 zabulum.

226 1649 338 1684 Dictus
366 1650 497 1681 Niverni
522 1647 677 1689 pontifex,

224 1699 330 1730 Decus
356 1699 454 1737 ipsius
481 1697 659 1738 multiplex,

224 1747 312 1778 Dans
339 1747 461 1777 animae
487 1744 662 1784 proficuum

222 1794 375 1826 Decrevit
401 1794 469 1833 pati
495 1801 645 1826 eremum.

239 1871 320 1897 Brev.
353 1878 405 1895 uis.
435 1868 573 1895 Tullense
603 1876 678 1894 saec.
712 1865 753 1893 14.
783 1865 851 1892 Cod.
880 1865 1040 1900 Spinalien.

844 994 876 1023 5.
905 988 1027 1023 Auctus
1053 988 1218 1020 momentis
1246 995 1374 1018 casuum

903 1041 1004 1077 Aptat
1030 1036 1169 1076 gaudere
1195 1035 1334 1075 unicum,

904 1083 1127 1124 Amplificatus
1153 1083 1290 1114 Domino

904 1135 1039 1164 Artatur
1065 1132 1149 1163 vitae
1174 1130 1292 1161 taedio.

852 1211 876 1242 '.
905 1206 1043 1247 Tempus
1069 1212 1179 1246 pastor
1205 1205 1375 1246 accelerat,

903 1256 1021 1287 Terror
1046 1255 1150 1285 letalis
1177 1257 1319 1293 superat,

904 1303 976 1335 Tibi
1005 1303 1100 1333 corde
1128 1300 1310 1333 faventibus

904 1351 992 1382 Totis
1019 1358 1184 1380 succurras
1212 1348 1345 1380 nisibus,

874 1453 880 1459 .
908 1424 1001 1460 Uitae
1028 1431 1174 1467 repertor
1200 1424 1348 1460 omnium,

907 1475 989 1507 Ueni
1014 1477 1181 1513 praestans
1208 1473 1372 1510 solacium,

908 1522 990 1554 Uota
1017 1521 1188 1552 reddentes
1214 1520 1332 1560 largius

909 1571 1017 1603 Uitam
1044 1578 1212 1609 precamur
1239 1568 1381 1600 caelitus

856 1648 881 1679 ³.
909 1646 956 1677 Sit
984 1656 1052 1676 cum
1080 1649 1172 1685 patre
1198 1650 1228 1676 et
1253 1644 1319 1676 filio

909 1694 1042 1733 Spiritui
1068 1693 1224 1733 paraclito

909 1742 1094 1774 Sanctitatis
1120 1741 1264 1781 potentia

908 1789 1109 1830 Sempiterna
1135 1798 1193 1828 per
1219 1788 1356 1821 saecula.

1069 1864 1124 1891 2:33
1151 1863 1236 1896 (116›.
1264 1865 1298 1890 A.
1327 1878 1362 1882 —
1393 1865 1478 1891 Brev.

160 1908 298 1935 Tullense
330 1909 398 1942 imp.
431 1908 554 1934 Parisiis
583 1906 692 1939 (Sutori
725 1903 806 1931 1510.
840 1905 872 1930 B.
901 1919 935 1923 —
966 1905 1049 1930 Brev.
1081 1903 1220 1930 Tullense
1251 1904 1320 1938 imp.
1352 1903 1478 1929 Parisiis

160 1948 311 1982 (Higman)
334 1944 413 1972 1511.
436 1946 466 1973 C.
488 1961 524 1964 —
546 1945 630 1971 Brev.
652 1943 791 1970 Tullense
813 1944 881 1977 imp.
903 1943 1081 1977 Mussiponti
1095 1940 1186 1987 2595.
1209 1942 1248 1968 D.
1270 1956 1305 1960 —-
1323 1940 1348 1975 l,
1372 1942 1384 1968 1
1408 1942 1478 1977 Dig-

160 1995 214 2012 nus
244 1985 386 2020 supremis
416 1984 552 2010 laudibus
576 1983 613 2010 D.
634 1996 671 2000 —
694 1981 719 2012 ὃ,

751 1980 763 2008 1
792 1981 941 2016 praedicat
969 1982 1001 2006 Α.
1031 1995 1066 1998 -—
1094 1978 1120 2011 3,

1150 1979 1167 2006 2
1196 1984 1351 2015 amputans
1381 1981 1416 2007 D.
1442 1994 1479 1998 —

160 2023 185 2052 4,
213 2022 230 2050 4
257 2024 381 2050 Deserta
409 2023 525 2057 quaerit
546 2021 687 2048 montium
719 2020 754 2047 D.
776 2035 812 2038 —
834 2018 860 2051 6,
881 2019 899 2046 3
919 2019 1092 2046 canentibus
1114 2020 1148 2046 D.
1171 2034 1207 2038 —
1229 2017 1246 2046 6
1277 2018 1295 2046 4
1317 2020 1478 2046 Succurras

160 2064 230 2089 totis
253 2063 370 2093 Asst'm
393 2070 484 2097 gegen
505 2060 557 2087 das
578 2059 784 2086 A'krostichon.
806 2074 841 2076 —
865 2056 889 2088 7,
914 2056 926 2084 1
950 2060 1101 2092 reparator
1122 2057 1209 2084 BCD.
1232 2072 1268 2075 -
1289 2055 1316 2087 8,
1342 2057 1354 2084 l
1379 2059 1428 2084 Sic
1446 2058 1479 2083 13.

162 2299 192 2331 1.

434 2168 501 2199 200.
542 2167 583 2198 De
604 2175 644 2197 ss.
666 2165 825 2205 Dionysio,
846 2164 981 2200 Rustico,
1003 2164 1200 2196 Eleutherio.

663 2227 714 2254 Ad
739 2227 977 2254 Matutinum.

219 2298 372 2330 Exsultet
398 2297 489 2338 plebs
515 2298 547 2328 in
573 2296 706 2328 canticis

219 2346 305 2378 Fran
315 2347 424 2386 cigena
449 2354 517 2377 cum
545 2344 661 2385 gaudio

221 2394 352 2436 Verbis,
379 2394 510 2435 psalmis
536 2393 729 2433 hymnidicis

218 2443 363 2482 Martyri
389 2442 553 2482 Dionysio.

853 2296 884 2327 2.
910 2292 1004 2325 Reful
1009 2303 1085 2333 gens
1111 2293 1286 2335 Dionysius

909 2342 1100 2374 Omnimoda
1125 2342 1262 2374 scientia

909 2390 992 2422 Solis
1017 2391 1131 2430 pandit
1157 2390 1306 2422 subtilius

908 2439 1064 2478 Eclipsim
1091 2443 1121 2470 et
1144 2440 1311 2479 mysteria.
