1653 2656
634 112 897 148 —101—

102 216 136 248 5.
163 214 228 246 Per
252 212 335 245 tanti
367 212 470 253 patris
496 212 621 254 merita,
806 211 839 244 6.
865 209 935 241 Deo
961 208 1047 248 patri
1073 207 1115 239 sit
1140 206 1254 248 gloria,

169 261 248 294 Tam
275 261 456 302 praeclara,
484 265 548 293 tam
575 259 698 302 inclita,
865 257 924 297 Qui
950 256 1137 288 moderatur
1161 254 1279 293 onmia,

167 310 235 342 Nos
261 309 303 342 ad
331 318 471 350 superna
502 309 646 349 praemia
865 305 1008 345 Eiusque
1034 304 1094 336 soli
1121 303 1228 344 genito

166 357 289 391 Christi
315 358 474 398 perducat
499 357 614 398 gratia.
867 353 945 386 Cum
971 353 1088 393 spiritu
1113 351 1283 392 paraclito.

186 450 270 477 Brev.
302 449 518 476 Lemovicense
545 449 615 483 imp.
644 447 812 474 Lemoviois
837 443 918 473 1495.
940 461 978 464 —
998 442 1025 477 4,
1050 444 1061 471 1
1090 444 1184 471 docet.
1206 457 1243 461 —
1265 441 1291 475 5,
1315 439 1332 468 2
1356 447 1439 475 prae-

104 489 190 517 clara
210 491 270 515 tarn
293 487 395 514 allata.
418 502 452 505 —
475 485 503 522 6,
522 484 540 514 3
562 487 617 513 soli
640 486 713 513 tilio.

575 638 636 669 169.
677 638 718 668 De
741 637 849 668 sancto
873 634 987 666 Blasio.

621 705 662 731 In
691 701 718 730 2.
745 702 936 738 Vesper-is.

115 791 147 825 1.
174 790 255 827 Ave,
283 787 422 828 gloriose
812 787 844 819 4.
873 789 954 823 Ave,
982 784 1031 815 vir
1057 783 1180 814 incasse

174 838 314 878 Martyr‚
343 836 496 877 pretiose,
873 833 1026 865 Eculeum
1055 839 1148 871 passe

177 885 276 924 Blasi,
305 885 410 916 cultor
433 884 514 924 legis
873 881 914 913 Et
942 880 1085 920 pectines
1111 878 1196 910 feros

178 934 310 973 Christi,
338 933 453 964 summi
480 932 575 972 regis.
871 929 1047 968 Tamquam
1075 926 1168 958 fortis
1196 926 1300 957 heros.

120 1029 153 1060 2.
179 1026 260 1065 Ave,
287 1025 377 1056 miris
404 1024 503 1064 signis
816 1023 848 1053 5.
876 1022 958 1059 Ave,
987 1019 1089 1050 vietor
1116 1016 1219 1054 fortis,

178 1074 332 1114 Fulgens,
360 1073 455 1104 laude
484 1072 600 1113 dignis,
878 1068 1008 1099 Nullum
1036 1075 1134 1106 genus
1162 1064 1273 1096 mortis

177 1122 322 1154 Fervens
349 1122 495 1159 caritate,
878 1116 948 1148 Pati
974 1115 1108 1146 timuisti

177 1171 327 1203 Vernans
353 1170 485 1210 pietate.
876 1165 941 1196 Pro
967 1163 1094 1195 nomine
1122 1161 1253 1194 Christi.

116 1265 150 1297 3.
179 1264 259 1304 Ave,
286 1262 378 1294 miles
405 1261 498 1302 bone,
817 1258 849 1289 6.
877 1257 960 1297 Ave,
986 1253 1115 1295 praesul
1142 1253 1205 1293 pie,

181 1312 338 1344 Constans
365 1311 397 1341 in
425 1318 537 1350 agone,
876 1304 957 1336 Esto
983 1303 1075 1335 nobis
1102 1302 1173 1333 viae

179 1360 239 1399 Qui
267 1369 330 1391 non
357 1358 520 1399 superaris
878 1353 952 1385 Dux
980 1356 1074 1391 atque
1101 1351 1231 1382 lucerna

182 1408 297 1441 Poenis
324 1416 383 1439 nec
409 1407 554 1438 mutaris.
878 1402 930 1433 Ad
958 1409 1056 1440 regna
1083 1407 1234 1439 superna.

570 1497 600 1529 7.
629 1495 678 1528 Sit.
704 1495 774 1527 laus
802 1494 871 1526 Deo
899 1492 996 1533 patri.

198 1592 285 1619 Brev.
309 1590 522 1617 Lemovicense
546 1589 614 1623 imp.
638 1587 806 1614 Lemovicis
830 1582 913 1611 1495.

587 1731 644 1762 170.
688 1729 728 1760 De
751 1729 858 1759 saneto
881 1724 996 1757 Blasio.

124 1821 158 1854 1.
187 1819 315 1852 Laudes
343 1819 383 1851 de
409 1823 521 1850 sancto
548 1817 668 1854 Blasio,
822 1818 854 1847 4.
882 1814 945 1846 Pro
972 1821 1029 1844 suo
1056 1814 1131 1842 nato
1159 1809 1274 1841 mulier

183 1868 334 1908 Martyre
360 1877 398 1900 ao
424 1868 588 1908 episeopo,
881 1862 1033 1894 Sanctum
1060 1868 1155 1891 orans
1183 1856 1386 1899 suppliciter,

183 1917 303 1957 Magno
330 1925 481 1949 canamus
508 1915 625 1956 gaudio
880 1910 980 1951 Spina
1007 1908 1105 1940 infixa
1131 1910 1260 1947 gutture

186 1965 275 1998 Caeli
299 1969 469 2006 terraeque
496 1964 636 1996 domino.
881 1959 958 1991 Exit
985 1958 1132 1998 signante
1158 1954 1318 1996 praesule.

124 2059 158 2093 2.
185 2059 291 2090 Antro
315 2057 416 2097 Argei
443 2056 576 2088 sedulus
821 2053 852 2084 5.
882 2050 944 2082 Sue
972 2057 1030 2088 pro
1056 2056 1113 2079 suo
1139 2053 1284 2087 paupera

184 2106 308 2140 Orabat
334 2106 394 2138 Dei
422 2104 571 2147 samaim,
883 2099 1034 2131 Sanctum
1062 2095 1202 2128 adorans
1229 2093 1337 2126 vidua,

185 2155 285 2188 Cuius
311 2154 511 2186 orationibus
884 2145 1043 2179 Reddidit
1070 2145 1163 2184 lupus
1190 2141 1296 2173 subito

186 2203 268 2236 Suus
294 2207 427 2236 sanatur
452 2202 602 2243 populus,
886 2195 1003 2227 Sanum
1031 2203 1070 2225 ex
1097 2191 1199 2224 sancti
1226 2189 1352 2221 merito.

122 2298 158 2330 3.
185 2296 238 2329 Ad
266 2295 366 2336 pedes
393 2294 476 2327 tanti
502 2293 664 2334 praesulis
823 2290 855 2322 6.
884 2286 1076 2329 Agricolaus
1103 2284 1181 2316 talia

185 2345 356 2378 lactabant
382 2353 453 2376 cum
480 2341 649 2375 blanditiis
885 2336 1031 2369 Audiens
1059 2332 1221 2366 mirabilia

187 2394 396 2434 orabantque
422 2391 572 2424 continue
668 2421 685 2426 ,,
886 2384 995 2426 Iussit,
1023 2387 1179 2423 tyrannus
1205 2378 1359 2420 perfidus,

184 2443 230 2476 Et
255 2443 331 2474 hinc
356 2441 499 2474 athletae
524 2442 699 2479 martyres,
722 2444 727 2447 ·
782 2461 797 2471 ,7
887 2433 1039 2466 Sanctum
1067 2430 1158 2463 caedi
1185 2438 1256 2461 cum
1284 2426 1437 2462 fustibus,
