1653 2656
739 164 1001 201 —289—

575 329 643 361 486.
685 332 719 364 ln
739 333 924 370 Inventione
946 340 974 371 S.
997 341 1157 382 Stephani.

707 414 756 441 Ad
785 416 1027 449 Nocturnum.

196 497 226 529 1.
255 498 444 534 Christiana
471 505 584 546 religio
894 519 924 550 5.
951 517 1163 563 Septuaginta
1190 527 1312 560 animas

254 546 340 579 Dum
367 559 425 582 suo
453 554 560 593 coepit
585 558 724 599 saeculo,
951 566 1031 599 Tres
1058 579 1190 604 numero
1219 580 1250 606 et
1276 577 1416 619 additas,

253 595 340 634 Quos
367 598 428 630 sibi
456 600 528 640 ipsa
553 605 691 645 peperit,
950 615 1034 653 Quas
1061 620 1191 652 tenebat
1217 623 1396 666 infimitas,

252 643 316 676 Pro
343 654 377 676 se
400 651 592 688 pugnandos
618 652 744 688 obtulit.
949 663 1071 696 Invasit
1099 670 1206 700 statim
1233 673 1364 707 sanitas.

191 738 224 770 2.
252 738 392 778 Quorum
419 744 653 785 primipilarius
888 758 918 789 6.
948 758 1037 791 Haec
1063 769 1173 796 sancta
1200 769 1365 810 revelatio,

249 786 365 821 Levita
391 789 453 822 fuit
478 793 660 834 Stephanus
946 808 1044 840 Sacro
1073 811 1168 852 digna
1195 819 1358 861 mysterio,

249 836 387 876 Proprio
414 849 470 872 suo
496 844 650 883 sanguine
945 855 1151 891 Praesentem
1179 861 1256 895 facit
1283 865 1364 898 hanc
1391 869 1473 902 diem

247 883 377 919 Docens
403 888 543 928 palmam
571 892 736 929 victoriae.
944 903 1007 935 Per
1037 910 1137 939 totum
1165 913 1316 945 mundum
1344 917 1512 954 celebrem.

184 980 217 1013 3.
246 980 344 1013 Cuius
372 987 446 1015 tunc
473 994 590 1026 corpus
616 989 760 1023 abditum
882 998 912 1029 7.
940 999 1022 1031 Inde
1049 1009 1160 1036 sancta
1186 1009 1331 1052 ecclesia,

244 1028 288 1060 Et
314 1033 471 1069 posteris
481 1034 688 1080 incognitum,
939 1050 1025 1085 Quae
1052 1056 1177 1084 constat
1203 1056 1271 1087 sine
1298 1061 1431 1092 macru-1.

242 1076 334 1115 Quod
362 1080 468 1112 subito
495 1082 543 1113 his
569 1086 685 1127 patuit,
938 1095 1031 1127 Pium
1059 1104 1170 1131 exoret
1194 1103 1375 1144 Dominum,

241 1124 423 1166 Languenti
450 1131 568 1162 mundo
594 1133 727 1171 profuit.
940 1142 1091 1177 Nostrum
1111 1157 1280 1187 precemur
1299 1154 1507 1196 Stephanum.

175 1220 208 1251 4.
236 1219 395 1254 Gamaliel
423 1227 473 1256 ter
499 1226 580 1259 visio
875 1237 907 1269 8.
934 1239 998 1272 Pro
1025 1243 1117 1275 nobis
1144 1248 1330 1285 specialiter

235 1268 380 1302 Luciano
406 1273 608 1314 presbytero,
933 1287 1092 1328 Rogemus
1119 1293 1209 1326 illum
1237 1297 1362 1342 iugiter,

233 1317 370 1358 Migetio
395 1325 470 1360 post
495 1322 612 1364 adfuit,
933 1335 1033 1368 Prout
1059 1342 1234 1380 gaudemus
1261 1348 1394 1385 meritis

233 1364 304 1396 Hoc
332 1367 463 1400 dubium
490 1371 640 1408 innotuit.
934 1383 1116 1420 Foveamur
1142 1394 1325 1430 praesidiis.

516 1469 548 1500 9.
577 1469 675 1502 'lrino
702 1476 849 1512 personis
878 1478 1025 1521 Domino,

576 1518 656 1551 Usia
682 1520 861 1565 individuo,

574 1565 663 1598 Sicut
691 1569 794 1611 decet,
822 1574 863 1605 sit
890 1576 994 1615 glmia

573 1613 666 1647 Nunc
693 1622 725 1649 et
749 1629 809 1659 per
833 1629 948 1656 cuncta
975 1630 1113 1663 saecula.

159 1713 364 1779 2158i5xntiph.
394 1720 423 1744 et
443 1718 525 1746 Lect.
548 1730 601 1748 ως.
631 1724 660 1750 S.
687 1727 831 1762 Stephani
855 1731 1022 1770 Frisingen.
1049 1745 1125 1765 saec.
1152 1739 1173 1756 ¹¹
1190 1751 1223 1768 ιε.
1247 1744 1318 1771 Clm.
1341 1746 1496 1777 Monacen.

515 1911 581 1944 487.
623 1915 656 1946 ln
680 1916 903 1955 Translatione
925 1933 949 1956 S.
972 1927 1134 1969 Stephani.

660 1998 703 2025 Iu
736 1999 758 2027 1.
788 2002 977 2040 Vesperis.

154 2064 184 2095 1.
216 2063 344 2098 Gaudet
372 2069 488 2102 ch01us
516 2074 702 2109 caelestium
854 2085 886 2118 3.
915 2084 1030 2118 Saulus
1058 2090 1195 2124 Iudaeos
1222 2096 1375 2138 applicat

208 2113 466 2158 Protoma1·t)1·is
492 2121 607 2162 gloria,
912 2134 955 2166 Ut
987 2135 1184 2176 Stephanum
1213 2142 1375 2182 lapidibus

207 2161 334 2195 Psallat
361 2167 457 2199 turba
483 2169 628 2204 fidelium
911 2182 1066 2222 Obruant
1096 2189 1169 2219 dum
1197 2191 1243 2222 sic
1271 2193 1414 2232 dimicat

203 2210 314 2243 Beata
340 2214 435 2248 nobis
458 2219 598 2257 gaudia.
906 2230 1056 2265 Exsultet
1083 2236 1209 2269 saelum
1236 2240 1399 2278 laudibus.

144 2325 336 2360 2.1udaeis
364 2331 525 2367 Christum
553 2340 723 2376 praedicat
845 2348 877 2380 4.
906 2348 1001 2381 Hunc
1029 2352 1103 2384 dum
1131 2355 1279 2395 lapidant
1306 2360 1418 2395 Iudaei

206 2374 322 2408 Mortis
349 2388 412 2411 non
439 2381 554 2416 timens
581 2387 716 2430 aditum,
905 2397 966 2429 Pro
994 2399 1042 2431 his
1069 2411 1164 2435 orans
1190 2405 1223 2437 in
1249 2409 1380 2442 aethere

202 2424 331 2458 Primus
358 2432 506 2463 naturam
535 2433 689 2478 duplicat,
902 2445 992 2478 Pium
1020 2449 1108 2482 videt
1136 2457 1243 2488 natum
1271 2457 1333 2490 Dei

197 2471 302 2513 Deus,
329 2477 463 2510 tuorum
488 2481 642 2519 militum.
897 2494 973 2526 Iam
1002 2496 1083 2531 lucis
1110 2505 1179 2534 orto
1205 2504 1320 2540 sidere.

195 2529 340 2563 Dreves,
358 2534 463 2564 Hymni
480 2538 529 2563 Ine
532 2541 593 2565 lm
628 2544 689 2569 v.11
1267 2562 1301 2591 19
