1653 2656
0 0 89 78 Ἠ

664 103 902 139 „95—

121 207 154 240 5.
180 204 356 238 Praeclara
381 204 570 244 apostolicis

180 252 430 286 Bartholomaee
455 252 590 293 meritis,

181 301 360 341 Culparum
386 309 517 341 pressos
543 299 688 340 pondere

181 351 372 383 Interveutu
397 358 456 380 nos
482 348 579 389 erige,

123 451 156 482 6.
179 448 224 481 Et
249 455 328 488 quos
352 454 411 486 per
437 454 539 485 prava
563 453 664 484 opera

185 495 261 529 Orci
287 497 413 526 terrent
437 493 608 535 supplicia,

186 545 255 577 Tua
281 551 378 583 prece
404 541 593 574 dulcissima

182 596 212 626 A
239 591 384 624 cruciatu
413 589 529 622 libera.

817 202 848 234 7.
875 201 1043 241 civesque,
1071 206 1149 239 quos
1177 196 1345 228 Salomone

877 248 1036 281 Continua
1061 247 1151 278 levas
1177 253 1249 285 ope,

878 295 1100 338 Supplicando
1125 293 1255 326 assidue

879 344 1018 378 Coelesti
1041 343 1136 383 iunge
1163 341 1283 374 curiae.

880 442 949 474 Deo
976 440 1062 480 putri
1087 442 1119 470 et
1144 437 1224 475 filio,

881 489 1036 522 Similiter
1062 486 1230 528 paraclito,

881 538 931 570 Sit
956 538 1068 576 honor,
1096 536 1208 572 virtus,
1236 532 1338 572 gloria

882 588 919 619 In
948 585 1147 617 saeculorum
1174 581 1312 613 saecula.

202 690 287 716 Brev.
310 696 364 714 ms.
387 684 550 714 Aniciense
572 694 648 712 saec.
673 684 717 713 15.
739 683 810 710 Cod.
832 683 976 709 Parisien.
1001 679 1082 707 1304.
1110 693 1146 698 -
1167 677 1193 710 6,
1213 676 1225 704 1
1252 677 1293 704 Ut
1314 684 1397 709 quos.
1413 687 1451 692 ——

127 727 154 762 ’7,
177 726 191 755 1
215 727 377 763 Cunisque.

564 857 622 887 157.
665 856 707 887 De
729 856 840 886 sancta
863 852 1021 884 Bathilde.

152 976 159 983 .
186 953 275 984 Inter
301 949 483 990 triumphos
509 947 634 979 nobiles

188 999 380 1033 Praeclaros
407 997 530 1031 Christi
555 995 674 1026 milites

188 1048 373 1082 Tendentes
400 1046 441 1078 ad
468 1044 621 1076 aetherea

188 1098 332 1129 Aeterna
357 1093 465 1126 ferunt
491 1091 646 1133 praemia.

156 1219 164 1227 .
190 1194 267 1225 Fuit
292 1191 457 1224 Bathildis
483 1189 605 1230 optima

190 1241 347 1274 Caelestis
373 1239 458 1280 regis
484 1237 615 1275 famula,

191 1291 278 1329 Quae
304 1288 451 1329 regnavit
477 1287 511 1318 in
537 1285 679 1318 Francia

190 1339 335 1370 Favente
362 1337 422 1369 Dei
449 1335 562 1376 gratia.

161 1461 168 1468 .
194 1436 284 1468 Haec
311 1433 431 1465 femina
456 1431 631 1463 laudabilis

194 1484 237 1516 Et
263 1483 421 1514 honorata
447 1480 582 1520 meritis,

193 1531 342 1564 Moribus
369 1538 450 1570 quae
477 1529 578 1568 pollet
604 1526 736 1566 sanctis,

196 1581 249 1612 Sic
275 1578 452 1618 triumphat
480 1586 550 1609 cum
577 1576 710 1615 angelis,

161 1704 166 1710 .
193 1678 314 1710 Forma
340 1683 466 1716 quoque
493 1673 621 1714 egregia

193 1726 237 1758 Et
264 1729 370 1757 mente
396 1723 606 1755 subtilissima

196 1775 312 1806 Electa
339 1777 387 1805 est
412 1782 431 1804 a
457 1771 594 1803 Domino

194 1823 246 1856 Ex
273 1831 390 1863 genere
417 1819 587 1854 Saxonico‚

161 1946 168 1954 .
195 1920 284 1960 Quae
310 1919 483 1959 peregrina
509 1920 652 1955 venerat,

200 1969 281 2009 Regi
309 1968 509 2000 Francorum
537 1967 702 2005 nupserat,

197 2018 298 2057 Quam
325 2017 412 2048 Deus
439 2024 553 2056 magna
580 2013 683 2054 gratia

197 2066 335 2098 Vocavit
360 2065 402 2098 ad
430 2063 592 2096 caelestia.

164 2188 171 2196 .
196 2163 342 2203 Diligens
370 2165 458 2194 certe
484 2160 659 2192 Dominum

197 2212 249 2244 Ex
276 2211 374 2243 corde
402 2209 621 2247 devotissimo,

197 2260 320 2294 Christi
348 2268 424 2291 vero
450 2256 648 2298 pauperibus

197 2309 244 2343 Ut
269 2312 374 2341 mater
401 2310 486 2339 esset
512 2305 671 2339 omnibus.

850 945 880 976 7.

834 1670 888 1701 10,

835 1912 891 1946 11.

836 2156 891 2188 12.

910 941 1154 982 Frequentabat
1180 939 1333 970 ecclesias

909 991 1011 1023 Omns
1041 989 1140 1020 Deum
1168 997 1238 1018 cum
1264 985 1416 1023 lacrimis,

910 1038 1048 1078 vigiliis,
1075 1037 1201 1068 ieiuniis

910 1085 1104 1120 Inhaerebat
1138 1083 1287 1116 assiduis.

911 1184 976 1215 Sub
1004 1181 1089 1222 regis
1117 1188 1253 1219 namque
1280 1177 1395 1217 copula

911 1233 955 1265 Ut
982 1239 1063 1262 uxor
1090 1227 1296 1260 devotissima

912 1279 1075 1319 Quaesivit
1102 1277 1169 1316 regi
1195 1276 1327 1315 optimo,

910 1330 984 1361 Iesu
1011 1327 1220 1365 (admaerere
1247 1323 1394 1354 Domino.

914 1423 1043 1457 Abiecit
1071 1431 1153 1453 vana
1177 1420 1292 1459 omnia,

914 1471 1103 1511 Concupivit
1131 1469 1293 1505 aetherea,

915 1522 1008 1553 Nunc
1034 1518 1177 1559 possidet
1206 1515 1358 1547 caelestia

916 1569 1048 1602 Aeterni
1075 1567 1160 1607 regis
1187 1565 1340 1606 praemia.

918 1667 1131 1699 Contemnens
1158 1661 1267 1693 mundi
1295 1659 1429 1700 gloriam

916 1715 1090 1753 Menteque
1118 1710 1326 1742 devotissima

917 1765 995 1796 Post
1021 1760 1199 1802 perfectam
1226 1758 1381 1789 iustitium

917 1811 1072 1852 Migravit
1100 1810 1141 1840 ad
1169 1807 1331 1839 caelestia.

918 1910 997 1942 Eius
1025 1917 1083 1948 per
1109 1909 1220 1938 sancta
1242 1903 1355 1934 merita

918 1958 1013 1990 Facit
1041 1957 1127 1988 Deus
1155 1952 1321 1989 miracula,

917 2008 971 2039 Ad
999 2006 1065 2037 eius
1092 2012 1201 2035 sacros
1230 2002 1353 2032 cineres

919 2056 1034 2088 Plures
1061 2056 1215 2084 curantur
1243 2049 1377 2081 debiles.

920 2152 1032 2186 Gloria
1059 2148 1306 2182 clementissimo

916 2203 985 2234 Deo
1011 2200 1098 2240 patri
1125 2202 1155 2229 et
1182 2197 1248 2228 filio

919 2251 993 2283 Una
1020 2258 1089 2280 cum
1117 2250 1228 2278 sancto
1255 2244 1373 2284 spiritu

918 2300 956 2332 In
982 2297 1179 2337 sempiterna
1205 2293 1342 2325 saecula.

214 2407 300 2434 Brev.
335 2405 364 2432 S.
393 2403 512 2432 Mariae
539 2402 730 2430 Suessionen.
759 2400 830 2432 imp.
860 2397 987 2424 Parisiis
1018 2392 1100 2422 15:33.
1128 2406 1165 2411 —
1196 2388 1221 2425 8,
1249 2387 1266 2416 2
1291 2389 1334 2417 Ut
1359 2388 1470 2416 femina

137 2444 340 2473 devotissima.
