1653 2656
699 127 960 162 —140—

602 258 670 288 238.
712 258 753 289 De
774 261 882 289 saneto
903 257 1045 289 Evurtio.

704 328 754 355 Ad
783 328 939 356 Laudes.

167 413 196 444 1.
227 413 308 450 Iesu,
336 414 477 445 salvator
502 415 632 452 saeculi,
852 417 884 448 4.
914 416 1000 455 Ignis
1027 425 1142 446 vorans
1167 415 1278 447 urbem
1304 419 1419 454 vastat,

227 460 410 492 Sublimasti
436 462 604 493 Evurtium
911 463 974 495 Sed
1007 463 1080 495 dum
1107 467 1237 495 sanctus
1257 463 1411 496 Evurtius

223 507 386 546 Dignitate
412 509 557 540 miraculi
912 512 949 544 In
977 511 1120 543 oratione
1145 516 1279 552 perstat,

225 555 286 586 Pro
313 556 415 587 salute
441 557 649 590 credentium.
909 559 1133 599 Exstinguitur
1160 559 1309 592 velocius.

162 642 193 673 2.
221 640 392 673 Successor
418 642 581 674 Desiniani
847 648 877 678 5.
907 645 997 676 Vixit
1022 646 1053 676 in
1077 646 1240 686 episcopio

220 688 290 719 Fuit
319 694 446 721 sanctus
472 691 635 729 Evurssus,
907 693 1031 724 Lustris
1058 698 1194 733 quatuor
1219 695 1363 735 integris,

218 737 274 775 Qui
303 737 434 768 virtutes
460 739 577 770 Auiani
906 740 969 772 Sed
995 750 1122 781 semper
1147 741 1262 773 affectu
1289 742 1342 782 pio

219 784 397 816 Publicavit
423 787 575 825 apertius.
904 789 1048 820 Moribus
1075 789 1221 821 medetur
1247 791 1361 830 aegris.

159 870 189 901 3.
218 869 300 900 Nam
326 880 384 910 per
410 871 510 910 ipsius
537 873 639 904 media
843 874 874 905 6.
903 873 1027 906 Decor-21
1054 875 1095 905 sit
1120 875 1263 906 laudatio

217 917 418 949 Fraenantur
445 920 625 959 homicidia,
902 921 971 953 Deo
996 928 1091 962 atque
1116 923 1262 961 Evurti0‚

217 964 257 995 Et
287 966 484 1004 repelluntur
510 968 594 1000 odia.
902 969 944 1000 Et
972 971 1157 1010 hymnorum
1185 970 1316 1001 servitio

215 1013 466 1045 Accumulantur
491 1015 616 1054 gaudia.
902 1016 1055 1048 Servetur
1080 1023 1190 1049 nostra
1216 1018 1332 1050 contio.

230 1096 310 1123 offic.
339 1107 390 1124 ms.
420 1101 449 1125 S.
478 1099 593 1126 Evurtii
616 1101 803 1129 Aurelianen.
830 1110 906 1129 saec.
936 1101 979 1129 15.
1004 1103 1072 1129 cod.
1096 1103 1187 1130 Vatic.
1210 1104 1314 1139 Regin.
1346 1101 1412 1131 623.
1433 1119 1470 1124 —

153 1131 182 1166 3,
203 1131 220 1160 “2
240 1135 426 1169 repellantur.
453 1153 486 1156 —
508 1136 534 1169 4,
556 1137 574 1164 4
593 1138 816 1174 Exstinguntur.
838 1154 874 1158 —
896 1139 922 1172 5,
946 1140 957 1167 l
983 1142 1074 1167 Dixit.

508 1295 575 1326 239.
615 1297 656 1327 De
679 1306 718 1327 ss.
741 1297 822 1337 Fide,
843 1300 902 1339 Spe
923 1301 955 1330 et
977 1299 1124 1330 Caritate.

620 1366 670 1392 Ad
698 1367 804 1403 Vesp.
833 1371 867 1395 et
894 1370 994 1396 Noct.

155 1448 185 1479 1.
214 1448 348 1487 Christe,
377 1451 483 1492 decus,
511 1451 620 1485 honor.
648 1453 748 1484 virtus
837 1456 868 1487 4.
896 1455 1038 1491 Praesta,
1059 1455 1195 1495 Christe,
1214 1457 1299 1496 quod
1316 1457 1358 1488 sit
1371 1457 1463 1490 nobis

258 1501 352 1536 atque
377 1507 510 1537 sponsus
539 1500 704 1539 virginum,
942 1503 1079 1542 gloriosa
1105 1504 1250 1543 genetrix

214 1545 335 1581 Preces,
363 1551 466 1577 votum
494 1551 588 1586 atque
614 1548 763 1588 hymnum
896 1551 1088 1591 Puellarum,
1117 1561 1197 1591 qnae
1224 1553 1431 1592 resplendent

256 1593 381 1631 suscipe
408 1593 602 1632 clementius,
941 1599 1066 1630 nomine
1093 1603 1123 1630 et
1149 1600 1282 1639 meritis,

206 1640 303 1677 Quem
331 1640 477 1672 decantat
506 1641 694 1674 famulorum
892 1645 1022 1678 Oratrix
1048 1647 1134 1686 apud
1160 1651 1191 1678 te
1216 1648 1270 1687 pia

260 1692 366 1719 coetus
393 1688 450 1719 tibi
477 1698 622 1724 cernuus,
939 1703 997 1732 pro
1024 1700 1114 1726 reatu
1140 1695 1292 1729 criminis.

145 1772 177 1804 2.
207 1773 241 1803 ln
270 1772 327 1803 hac
355 1773 416 1812 die,
441 1783 503 1813 qua
529 1781 710 1807 sanctarum
833 1780 863 1812 5.
891 1779 1107 1819 Impetretque
1134 1785 1245 1812 sancta
1272 1782 1371 1814 Fides

253 1820 449 1852 celebramus
475 1822 631 1862 virginum
936 1826 1031 1857 fidem
1058 1828 1310 1870 invictissimam,

205 1867 309 1908 Fidei,
336 1868 422 1908 Spei,
451 1870 602 1902 Caritatis
892 1873 1009 1906 Sancta
1036 1875 1115 1915 Spes
1141 1877 1224 1908 vitae
1249 1882 1400 1911 aeternae

252 1915 374 1955 insigne
402 1919 587 1957 martyrium
938 1931 1026 1961 spem
1053 1923 1230 1963 gaudenter
1255 1925 1386 1970 tribuat,

200 1963 243 1994 Et
270 1963 408 2003 Sophiae
433 1967 543 1996 matris
571 1967 680 1999 harum
891 1969 1121 2010 Geminamque
1147 1973 1314 2005 caritatem

248 2012 423 2051 pretiosum
450 2013 582 2047 obitum.
939 2016 1021 2049 ferat
1045 2023 1157 2051 sancta
1183 2019 1318 2056 Caritas.

142 2097 175 2129 3.
202 2096 323 2128 Harum
350 2097 484 2130 formam
509 2100 673 2132 Adrianus
831 2103 861 2135 6.
889 2103 1031 2137 Praesta.
1058 2109 1160 2147 pater,
1188 2112 1328 2151 praesta,
1356 2108 1413 2150 fili,

248 2154 310 2176 non
336 2147 445 2178 valens
472 2148 618 2179 eximiam
936 2155 1076 2193 praesta,
1103 2160 1212 2186 sancte
1237 2156 1380 2196 spiritus,

201 2193 393 2233 Provocare‚
420 2199 453 2226 ut
481 2195 616 2227 Dianam
890 2199 980 2238 Quod
1006 2209 1175 2239 precamur
1201 2203 1313 2235 harum
1338 2206 1432 2238 nobis

249 2241 384 2273 adorent
411 2244 658 2283 spurcissimam,
940 2256 998 2287 per
1023 2254 1204 2282 sanctarum
1230 2253 1388 2297 meritum,

201 2289 282 2329 Igni,
309 2288 395 2322 ferro
421 2300 494 2323 mox
520 2291 645 2324 funesta
891 2294 949 2327 Cui
974 2296 1044 2328 laus
1070 2306 1117 2329 est
1144 2304 1175 2330 et
1201 2304 1343 2339 potestas

249 2337 365 2369 delevit
392 2340 536 2374 saevitia.
936 2352 996 2383 per
1019 2350 1150 2378 aeterna
1175 2349 1313 2382 saecula.

213 2422 299 2449 Brev.
321 2432 372 2449 ms.
398 2424 583 2452 Cadurcense
605 2434 681 2453 saec.
706 2425 748 2453 14.
771 2425 841 2454 Cod.
865 2427 1023 2456 Voravien.
1045 2428 1079 2456 77
1101 2428 1192 2467 [1-57].
