1653 2656
703 155 750 161 —
801 137 867 173 117
918 156 966 163 -

169 227 202 261 3.
229 227 331 260 Paulo
358 228 494 263 docente
520 232 672 273 credidit,
891 236 922 270 7.
949 235 1050 269 Feras
1076 240 1194 277 truces,
1221 238 1371 271 incendia

227 275 462 316 Archipraesul
490 278 641 323 efficitur,
949 284 1062 326 Furni,
1090 286 1193 318 crucis
1218 287 1398 326 patibulum

227 323 362 356 Romam
389 327 526 360 tendens
552 338 586 361 se
612 327 772 372 subdidit,
947 333 1183 375 Tormentaque
1210 334 1273 367 fert
1299 336 1363 368 alia

225 372 264 404 In
293 371 433 405 Galliam
462 376 623 417 dirigitur.
946 381 989 413 Et
1016 383 1155 414 carceris
1182 385 1388 424 ergastulum.

190 497 198 505 .
225 472 340 505 Multis
368 475 494 514 pollens
520 477 684 510 miraculis
886 482 917 516 8.
946 482 1030 514 Dum
1056 484 1198 516 celebrat
1224 484 1257 516 in
1285 494 1424 528 carcere,

225 521 352 562 Dogma
377 521 454 555 fidei
479 526 658 565 praedicat,
947 530 1015 562 Sibi
1042 531 1188 564 Christus
1214 535 1365 573 apparuit

227 571 290 602 Per
315 571 400 610 quod
428 574 592 606 conversis
617 576 746 615 populis
945 578 1133 620 Corpusque
1159 590 1251 612 suum
1278 591 1408 614 munere

226 618 286 650 Via
310 619 424 651 salutis
451 622 576 654 emicat.
942 627 1061 659 Divino
1087 628 1148 660 sibi
1175 629 1298 664 tribuit.

188 743 195 750 .
222 719 266 750 Et
291 719 372 751 lucis
398 726 469 753 orto
496 723 603 755 sidere
884 728 913 759 9.
942 728 1118 768 Expositus
1150 730 1315 763 lictoribus

225 767 298 799 Pius
325 772 450 808 martyr
476 771 624 804 educitur
944 776 1126 816 Torquetur
1152 778 1326 811 multifarie

220 815 274 847 Ad
302 820 464 849 certamen
496 819 536 850 de
565 828 694 852 carcere
943 824 1020 856 Cum
1049 825 1173 857 duobus
1200 828 1401 861 consortibus

221 864 477 906 Tortoribusque
503 868 654 900 traditur.
941 873 1103 904 Passionis
1131 879 1161 905 et
1187 875 1318 915 gloriae,

191 991 198 998 .
226 965 368 998 Exuitur
393 972 423 998 et
450 969 607 1007 caeditur,
859 972 915 1005 10.
942 973 968 1005 O
995 977 1153 1014 martyres
1180 976 1322 1016 gloriosi,

222 1014 260 1045 In
287 1015 416 1046 ardenti
444 1017 599 1048 craticula
940 1020 1121 1053 sentiamus
1148 1033 1203 1055 vos
1232 1024 1368 1056 dulciter

222 1061 424 1095 Carbonibus
451 1065 606 1099 exuritur,
941 1068 1007 1100 Nos
1033 1068 1166 1102 infirmi.
1194 1072 1299 1104 vitiosi

219 1110 306 1150 Ignis
333 1121 396 1143 non
423 1113 523 1144 laedit
551 1112 668 1148 facula.
940 1117 1096 1149 Patronos
1123 1120 1341 1154 aeternaliter.

502 1215 555 1248 11.
585 1215 633 1248 Sit
659 1215 728 1247 laus
755 1220 886 1249 sanctae
911 1218 1060 1259 trinitati,

577 1264 620 1296 Ut
648 1268 778 1296 sanctus
802 1265 987 1306 Dionysius,

576 1312 737 1355 Rusticus,
766 1313 973 1346 Eleutherius

577 1360 765 1393 Servierunt
792 1362 919 1396 unitati.

226 1458 312 1485 Brev.
335 1458 365 1486 S.
388 1459 535 1486 Barnardi
558 1459 593 1487 de
613 1461 755 1488 Romanis
778 1462 848 1497 imp.
870 1463 900 1489 iu
922 1464 1064 1491 Romanis
1090 1462 1171 1493 1513.
1194 1480 1227 1484 ——
1253 1465 1278 1494 3.
1307 1466 1318 1494 1
1345 1469 1487 1495 creditur.

430 1643 493 1675 201.
536 1645 577 1676 De
599 1654 640 1677 ss.
664 1646 821 1687 Dionysio,
845 1648 980 1688 Rustico,
1002 1649 1202 1682 Eleutherio.

684 1723 722 1750 In
749 1722 955 1752 Laudibus.

176 1836 182 1843 .
209 1811 391 1844 Laudemus
420 1813 534 1854 dignos
563 1815 725 1857 laudibus,
844 1819 876 1850 4.
904 1819 948 1850 Et
974 1829 1034 1859 pro
1059 1820 1174 1860 quibus
1202 1823 1333 1863 petierit

209 1860 392 1902 Condignos
420 1862 542 1895 Christi
568 1864 705 1905 pugiles,
905 1867 1024 1900 Beatus
1050 1868 1235 1910 Dionysius.

209 1909 252 1942 Ut
283 1919 412 1950 semper
437 1912 556 1944 nostris
583 1913 734 1953 precibus
906 1916 1110 1957 Impetrabit,
1139 1923 1172 1950 ut
1200 1920 1317 1951 asserit

210 1958 330 1990 Intenti
356 1959 421 1991 sint
448 1965 480 1992 et
506 1961 630 2002 vigiles.
904 1965 1066 2006 Benignus
1093 1966 1154 1999 Dei
1180 1966 1275 2000 filius.

172 2088 178 2095 .
208 2062 243 2093 In
270 2060 347 2093 fidei
374 2063 554 2096 constantia
842 2069 873 2101 5.
901 2067 990 2107 Ergo
1016 2072 1071 2100 tua
1098 2068 1290 2110 benignitas,

207 2110 438 2143 permanentes
465 2113 604 2144 viriliter
903 2117 1031 2148 Puritas
1058 2120 1090 2148 et
1117 2117 1260 2152 dilectio.

205 2159 287 2191 Tres
314 2160 393 2192 socii
420 2161 582 2201 supplicia
902 2165 958 2197 Pie
985 2168 1121 2206 martyr,
1150 2171 1180 2196 et
1208 2167 1325 2199 caritas

205 2207 371 2240 Sustinent
397 2210 642 2250 aequanimiter.
902 2212 969 2244 Nos
997 2213 1100 2246 ditent
1127 2218 1181 2246 tuo
1207 2216 1338 2255 gremio.

172 2333 179 2341 .
205 2309 326 2342 Muniti
353 2310 476 2343 Christi
501 2312 605 2352 gratia
843 2315 875 2346 6.
903 2313 1002 2355 Deus,
1029 2323 1136 2347 rerum
1162 2314 1332 2358 perfectio,

203 2357 377 2391 Patiuntur
402 2358 596 2402 benigniter,
901 2363 970 2403 Quo
1000 2367 1130 2395 sanctus
1157 2364 1332 2404 Dionysius

206 2406 383 2440 Perficiunt
410 2409 569 2450 martyria
901 2411 1082 2445 Coronatur
1107 2414 1274 2457 martyrio,

201 2456 331 2489 Armati
357 2456 421 2489 fide
447 2455 586 2491 fortiter.
901 2459 1004 2492 Nobis
1030 2464 1099 2493 esto
1127 2462 1298 2502 propitius.
