1653 2656
691 146 947 180 —314—

429 246 461 278 3.
483 245 565 278 Inde
590 249 771 276 sanctorum
798 243 901 282 gratia
927 241 1070 282 repletus

485 316 776 372 'Gressssiiius'midis
805 337 882 369 senx
908 316 1060 368 visitabat

562 387 687 419 Limina
711 395 812 419 sacra.

427 496 458 527 4.
487 494 566 525 Eius
591 492 633 524 ad
659 501 771 532 preces
797 491 868 531 piae
894 490 1022 530 quidem
1048 490 1133 521 vitae

486 541 615 572 Ferreis
641 539 733 572 faber
759 539 886 570 circulis
912 541 1078 579 gratanter

485 589 544 620 Est,
570 588 804 627 circumplexus
830 587 984 626 quosdam
1010 589 1099 617 artus
1126 586 1175 617 sui

563 637 714 675 Corporis
740 635 825 667 alini.

429 745 460 773 5.
489 741 583 772 Plebs
610 746 674 778 tua,
703 740 838 782 Christe,
867 739 959 771 liuius
985 737 1179 770 confessoris

488 788 639 820 Precibus
665 788 756 819 almis
782 788 878 819 sorde
903 787 1091 825 liberentur,

485 837 527 868 Et
554 845 732 867 mereamur
757 844 862 867 secum
889 845 968 875 puro
995 835 1093 866 corde

561 884 722 915 Scandere
749 884 843 916 celsa.

430 993 460 1022 ό.
494 989 539 1020 Sit
567 989 636 1020 Deo
663 988 748 1028 patn'
773 992 910 1028 natoque
936 992 1088 1027 potestas,

488 1038 597 1068 Virtus
624 1041 653 1067 et
681 1036 778 1067 decus
804 1035 932 1076 spiritui
957 1039 1068 1067 sancto

491 1085 551 1116 Per
575 1083 701 1115 infinita
727 1084 925 1115 saeculorum
953 1083 1061 1115 saecla

685 1157 691 1163 .
743 1133 857 1163 Amen.

244 1236 313 1262 (οὐ.
337 1235 524 1263 Alexandria
546 1234 582 1262 93
601 1237 668 1268 (ΙΙΙ)
688 1245 762 1262 saec.
788 1235 830 1262 17.

591 1414 656 1444 526.
698 1414 739 1443 ne
762 1416 870 1444 sancto
892 1413 1046 1444 winnoco.

684 1494 730 1520 Ad
760 1495 959 1529 Vespera&

170 1591 198 1622 1.
231 1589 298 1620 Vox
325 1589 410 1621 clara
438 1590 564 1622 Christo
591 1596 759 1629 concrepat
851 1594 882 1623 22.
911 1591 946 1622 In
974 1595 1078 1622 aetate
1104 1591 1166 1622 iam
1189 1590 1305 1623 florida

227 1637 330 1668 Melos
356 1642 450 1677 atque
476 1638 655 1676 praeconia.
911 1638 1076 1677 Sponsam,
1104 1639 1198 1673 bona.
1224 1639 1404 1681 imperium,

231 1684 417 1716 Winnocum
443 1685 495 1724 qui
522 1685 677 1724 glorificat
914 1686 974 1717 Pro
1000 1691 1030 1717 te
1057 1688 1249 1727 contempsit
1275 1689 1391 1728 omnia,

230 1731 371 1763 Aeterna
397 1733 475 1764 caeli
499 1732 615 1771 (floria.
912 1734 997 1766 Iesu.
1024 1745 1145 1766 corona
1172 1735 1346 1775 virqimcm.

169 1838 201 1869 2.
229 1837 353 1868 Virtute
380 1838 485 1868 virens
510 1838 603 1869 nituit
853 1839 885 1871 4.
911 1839 1024 1870 Nudus
1051 1841 1232 1881 relinquens
1259 1843 1421 1874 saeculum

229 1885 277 1916 Ex
303 1885 469 1924 parentela
495 1885 604 1923 nobili,
913 1887 948 1918 Iu
976 1887 1079 1920 Sithin
1107 1891 1299 1921 monasterio

229 1933 289 1964 Per
314 1942 394 1972 quae
419 1933 540 1964 intrare
568 1934 678 1964 meruit
914 1935 1074 1975 Receptus
1101 1941 1149 1967 est
1175 1937 1208 1968 in
1234 1939 1423 1970 monachum

226 1980 282 2011 Ad
306 1989 417 2012 cenam
445 1982 523 2021 uyni
542 1981 686 2021 proi-idi.
914 1983 1040 2023 Mayno
1065 1984 1182 2016 salutis
1208 1986 1342 2026 yaudio.

533 2089 563 2119 5.
593 2087 639 2118 Sit
666 2087 801 2118 trinitati
829 2088 929 2128 gloria

593 2134 670 2166 Cum
698 2135 859 2175 triumpho
886 2137 1048 2173 victoriae,

595 2183 653 2215 Cui
682 2192 749 2214 cum
777 2184 857 2215 caeli
884 2184 973 2216 curia

592 2231 761 2270 Hymnum
788 2241 948 2264 canamus
971 2232 1102 2272 yloriae.

244 2333 313 2359 Vita
335 2343 387 2359 ins.
411 2333 462 2360 SS.
479 2334 617 2361 VVinnoci
641 2338 667 2360 et
689 2335 812 2362 Osualdi
834 2345 900 2363 saec
926 2335 997 2363 ¹²s'13.
1015 2337 1084 2364 Cod.
1102 2339 1224 2375 Bergen.
1255 2350 1278 2367 κ.
1302 2350 1329 2368 u.
1353 2356 1381 2360 —
1411 2344 1494 2371 Nach

167 2372 230 2399 dem
266 2372 480 2407 Apographum
513 2374 543 2399 in
573 2373 642 2400 Cod.
673 2373 866 2402 Audomaren.
898 2373 954 2402 479
985 2376 1141 2409 publiziert
1172 2387 1229 2405 von
1252 2378 1333 2407 Alex.
1357 2381 1494 2417 Pruvosss

167 2411 336 2484 (ljgiffinilqug
367 2414 439 2476 Igu
460 2411 626 2438 Cartulaire
669 2412 704 2438 de
739 2411 874 2447 l'abhaye
908 2413 943 2440 de
979 2415 1337 2450 Bergues-Saint-Winoc.
1378 2421 1492 2458 Bruges
