1653 2656
733 113 969 148 -94-

581 282 640 312 155.
680 281 722 312 De
742 283 849 313 sancto
870 282 1119 314 Bai-tholomaeo.

193 379 223 411 1.
252 379 398 419 Tropaea
423 381 548 419 palmae
574 381 690 413 nobilis
877 384 909 415 5.

251 427 485 459 Bartholomaei
511 429 648 468 apostoli

253 475 409 513 Quantum
436 481 576 507 meretur
601 477 751 518 muneris,

250 522 326 560 Quis
352 523 489 562 explicet
515 524 719 565 praeconiis?

192 626 224 657 2.
251 626 302 657 Ad
331 635 421 666 quem
449 626 634 667 frequenter
659 627 774 668 fulgidi
879 632 909 663 6,

251 673 516 706 Conversitabant
544 676 648 715 angeli

249 721 303 752 Et.
331 722 415 761 quod
442 722 569 754 iubebat
597 724 737 766 exsequi,

252 768 471 801 Oboediebant
497 771 624 806 conciti,

188 873 220 906 3.
248 871 287 906 In
314 874 426 905 Indiae
449 874 584 907 confinio
878 879 908 911 7.

248 921 414 960 Ingressus
438 923 589 962 templum
616 925 771 956 Astaroth

249 968 325 1000 Mox
354 970 420 1000 eius
447 971 487 1001 ad
514 972 727 1010 praesentiam

249 1016 390 1048 Daemon
417 1018 547 1049 resolvit
574 1019 671 1053 idola.

187 1121 219 1152 4.
251 1121 385 1159 Polymii
412 1122 582 1154 lunaticam
873 1127 905 1160 8.

248 1167 362 1199 Natam
391 1178 448 1208 per
473 1171 578 1210 ampla
604 1175 746 1211 tempora

247 1216 406 1248 Curando.
434 1218 516 1257 regis
542 1218 651 1259 filiam,

248 1263 369 1294 Errore
395 1270 517 1303 gentem
546 1266 671 1298 liberat.

935 383 1082 423 Astriges
1108 387 1143 415 ut
1168 384 1229 416 hoc
1254 386 1422 426 comperit,

936 430 1005 462 Rex
1033 435 1064 462 et
1090 432 1236 464 minister
1259 432 1351 474 idoli,

936 478 1033 510 Iussit
1057 488 1114 510 sno
1139 480 1326 520 conspectui

938 525 1090 558 Sanctum
1115 525 1274 560 nefandus
1299 529 1430 564 attrahi.

939 631 1119 670 interrogat
1144 632 1229 664 hunc
1252 633 1408 676 nequiter,

937 679 1041 717 Quare
1068 679 1144 711 deos
1171 685 1340 722 everteret,

938 726 1001 758 Sed
1028 727 1229 767 colloquente
1255 729 1400 768 apostolo

936 773 1068 806 Waldat
1095 776 1181 807 cadit
1207 786 1281 808 mox
1307 777 1440 812 idolum.

936 879 1068 911 lubente
1094 889 1168 920 rege
1193 882 1340 922 protinus

936 927 1070 959 Sanctus
1093 933 1219 960 secatus
1245 928 1383 962 fustibus

937 975 979 1006 Et
1006 981 1077 1015 post
1105 977 1208 1008 reciso
1234 978 1354 1008 vertice

936 1022 1076 1054 Palmam
1104 1029 1150 1055 est
1177 1024 1313 1066 adeptus
1339 1026 1470 1065 gloriae.

933 1127 1004 1158 Tali
1030 1127 1141 1159 beatus
1168 1129 1282 1160 ordine

935 1174 1026 1205 Salus
1054 1175 1112 1207 fuit
1139 1177 1338 1217 provinciae,

930 1222 973 1253 Et
999 1223 1142 1254 laureato
1169 1223 1280 1256 sunere

931 1269 1059 1301 Caelum
1087 1271 1265 1311 triumphus
1291 1272 1426 1307 obtinet.

586 1372 615 1403 9.
644 1370 755 1402 Gloria
781 1372 848 1404 Deo
874 1374 968 1412 patri,

644 1418 754 1451 Gloria
779 1420 941 1460 unigenito
968 1427 1027 1454 ete.

262 1517 388 1551 Legend.
405 1528 455 1544 ms.
470 1520 688 1548 Mediolanense
710 1532 784 1550 saec.
804 1521 846 1550 13.
862 1524 931 1551 Cod.
948 1526 1133 1553 Ambrosian.
1148 1528 1170 1554 C
1194 1526 1247 1554 1⁸25
1269 1529 1319 1555 inf.
1334 1543 1372 1548 —
1385 1527 1412 1562 3,
1435 1529 1453 1558 2
1468 1532 1500 1558 in

184 1555 323 1590 templum
354 1556 521 1583 Adstaroth.
550 1573 585 1577 —
611 1559 638 1591 4,
668 1560 679 1586 l
708 1561 841 1588 Polemii.
870 1579 905 1582 —
932 1563 958 1594 4,
986 1564 1003 1589 3
1030 1564 1091 1591 filia
1128 1579 1166 1584 --
1193 1565 1220 1597 5,
1251 1565 1264 1593 l
1293 1568 1430 1604 Astrigis.
1462 1584 1498 1588 —

185 1591 210 1619 ἱ).
232 1592 250 1619 4
271 1594 408 1621 Sanctum
436 1595 515 1622 fehlt.
538 1611 573 1615 —-
595 1596 620 1629 6,
644 1597 656 1624 1
686 1599 889 1635 Interrogavit.
913 1616 945 1619 —
968 1600 993 1631 6,
1017 1601 1034 1629 2
1062 1601 1143 1630 deus.
1164 1618 1202 1622 —
1223 1603 1249 1637 6,
1270 1604 1289 1632 4
1309 1607 1439 1634 uvaldat.
1463 1623 1499 1628 ——

185 1628 212 1665 8,
234 1629 251 1657 2
272 1632 378 1659 §alvus
401 1634 463 1660 fuit.
486 1648 521 1653 —
544 1633 569 1665 9,
594 1635 606 1662 1
629 1636 713 1663 Lies:
735 1638 836 1664 Gloria
857 1641 934 1673 patri
958 1642 1098 1676 ingenito.

569 1843 628 1873 156.
669 1843 710 1874 De
732 1847 838 1876 sancto
859 1845 1106 1879 Bartholomaeo.

713 1923 764 1949 Ad
792 1924 949 1951 Laudes.

183 2012 215 2046 1.
243 2015 390 2054 Apostoli
417 2015 580 2048 sollemnia
872 2022 903 2054 3.
930 2022 1025 2054 Cuius
1051 2028 1169 2063 quanta
1195 2028 1375 2060 constantia

242 2061 481 2094 Bartholomaei
506 2065 616 2096 inclita

240 2109 434 2151 Recurrunt.
462 2120 536 2151 ergo
561 2113 685 2152 agmina

238 2157 432 2197 Tripucliant
459 2158 577 2199 fidelia.

178 2263 209 2294 2.
238 2261 441 2296 Concinendo
462 2263 614 2297 melliflua

239 2311 384 2350 Superno
410 2313 476 2353 regi
503 2314 637 2351 cantica,

239 2359 296 2398 Qui
325 2369 413 2391 suum
439 2361 658 2393 invincibilem

238 2405 437 2440 Glorificavit
464 2409 607 2442 militem.

930 2069 1005 2101 Fuit
1032 2076 1062 2102 et
1087 2074 1243 2112 patientia

931 2118 1090 2151 Conversa
1117 2120 1278 2162 Lycaonia

925 2166 1044 2198 Probat
1070 2169 1218 2209 primum,
1247 2175 1318 2210 post
1344 2172 1449 2204 India.

865 2271 898 2302 4.
926 2270 1122 2304 venerantes
1148 2283 1205 2305 nos
1231 2273 1367 2308 famulos

927 2317 1049 2350 'l'rahat
1075 2321 1144 2360 ipse
1169 2322 1210 2354 ad
1237 2332 1382 2367 superos,

922 2366 976 2398 Ad
1004 2376 1082 2406 quos
1106 2378 1166 2408 per
1190 2371 1419 2406 immanissima

927 2415 1078 2447 Pervenit
1104 2419 1308 2455 cruciamina.
