1653 2656
747 157 913 193 —243
964 178 1008 183 —

657 249 728 280 406.
770 251 812 282 De
833 254 944 284 sancta
965 253 1100 286 Martha.

758 310 808 338 Ad
837 312 996 341 Laudes.

211 378 243 411 1.
270 379 354 418 Lux,
383 389 468 422 ecce,
495 384 599 424 surgit
626 384 761 427 fulgida,

270 428 307 459 In
334 438 398 469 qua
423 430 544 463 Christi
571 433 634 464 iam
662 435 791 475 hospita

269 475 342 508 Suis
369 479 547 517 praeclaris
579 482 701 514 meritis

269 524 385 557 Multis
412 527 563 566 splendet
591 530 766 566 miraculis,

208 602 241 634 2.
269 602 450 635 Draconem
479 605 700 640 invincibilem

267 650 331 682 Per
355 651 481 684 leonem
509 655 559 686 vel
587 656 757 698 hominem,

267 698 352 730 Urso
380 701 429 731 vel
456 702 522 733 ullo
549 703 668 743 gladio,

268 747 332 779 Suo
359 748 471 788 ligavit
499 751 635 792 cingulo.

206 824 240 855 3.
267 823 321 854 Ad
349 825 438 856 cuius
464 836 577 867 preces
605 829 772 871 Dominus,

265 872 364 910 Quem
392 880 566 907 necaverat
590 877 779 921 Rhodanus,

265 920 485 953 Resuscitavit
511 933 647 962 puerum

264 968 332 999 Iam
360 974 519 1002 mortuum
546 982 606 1012 per
632 973 776 1008 biduum.

202 1046 235 1078 4.
263 1045 288 1077 O
317 1046 414 1086 digna
439 1050 564 1089 magnis
591 1052 726 1094 meritis,

263 1093 361 1125 Cuius
388 1095 546 1128 Dominus
573 1100 675 1130 oculis

259 1141 392 1174 Sonoris
418 1149 601 1177 monstrans
628 1147 767 1180 animam

259 1189 387 1222 Partem
423 1193 632 1225 scandentem
659 1196 834 1230 aetheram.

909 394 941 425 5.
967 392 1133 425 Exstinxit
1161 395 1258 428 Satan
1286 396 1408 429 lumina

968 440 1062 472 Circa
1087 451 1216 482 aegram
1245 444 1406 487 deposita,

969 489 1057 528 Quae
1084 494 1157 529 post
1184 492 1313 524 vidente
1340 494 1469 534 hospita

969 536 1068 569 Soror
1093 540 1242 572 accendit
1267 540 1384 575 facula.

935 640 941 647 .
969 614 1060 646 Haec
1087 620 1135 647 est
1163 627 1278 659 magna
1303 620 1513 661 sollemnitas,

968 663 1065 696 Cuius
1092 674 1213 697 summa
1240 667 1411 699 celebritas

969 710 1065 743 Cuius
1093 712 1241 745 Christus
1268 714 1417 748 funebria

970 760 1126 792 Praesens
1152 763 1277 802 peregit
1305 765 1450 798 dextera.

929 860 936 867 .
963 836 1016 867 Ad
1043 838 1133 869 cuius
1160 839 1301 871 tumbam
1331 850 1468 881 corpora

964 884 1126 917 Sanantur
1154 892 1269 919 cuncta
1295 889 1460 931 languida,

963 931 1139 964 Sanitatem
1167 936 1328 975 recipiunt

959 979 1070 1022 Aegri,
1099 983 1152 1021 qui
1179 982 1243 1014 fide
1273 985 1413 1020 veniunt.

925 1080 932 1086 .
960 1057 1160 1096 Flagitemus
1188 1060 1270 1091 hanc
1298 1062 1458 1094 dominam

958 1104 995 1134 In
1022 1105 1172 1138 laudibus
1199 1109 1412 1150 magnificam,

957 1152 1001 1184 Ut
1028 1162 1085 1184 nos
1112 1155 1213 1194 ipsius
1241 1159 1391 1196 precibus

956 1199 1124 1233 Salvemur
1150 1213 1169 1235 a
1197 1205 1396 1239 criminibus.

591 1273 621 1304 9.
652 1272 765 1305 Gloria
791 1275 878 1314 patri
907 1276 1046 1309 Domino

650 1321 793 1363 Eiusque
820 1324 880 1355 soli
908 1324 986 1365 filio,

650 1370 811 1410 Regnanti
838 1373 923 1404 omni
951 1375 1079 1406 sacculo

651 1418 728 1450 Cum
757 1420 875 1460 spiritu
902 1424 1072 1461 paraclite.

276 1489 354 1516 Brev
387 1499 437 1517 ms.
461 1491 695 1520 Humiliatorum
718 1497 789 1522 anni
814 1494 898 1524 1443.
914 1498 983 1525 Cod.
1000 1500 1136 1527 Vatican.
1152 1499 1236 1529 9217.
1253 1518 1288 1521 —
1304 1503 1330 1531 5.
1352 1504 1369 1532 4
1391 1507 1535 1535 ascendit.

639 1637 706 1668 407.
750 1639 792 1670 De
814 1640 925 1671 sancta
948 1641 1082 1674 Martha.

716 1700 757 1726 In
787 1701 997 1731 Laudibus.

194 1770 224 1803 1.
253 1772 424 1806 Praeclara
451 1774 512 1806 Dei
537 1777 656 1815 gaudia

254 1821 379 1853 Mundo
405 1827 498 1854 sonet
524 1825 660 1857 ecclesia

250 1870 286 1901 ln
314 1870 457 1911 Martha,
485 1872 547 1904 Dei
574 1872 705 1917 famula,

255 1918 400 1960 Pangens
426 1921 507 1952 caeli
533 1923 698 1955 miracula.

190 1996 222 2028 2.
251 1995 340 2028 Haec
367 1997 545 2038 hospitavit
572 1999 756 2042 Dominum,

251 2045 310 2084 Qui
336 2047 504 2079 suscitavit
530 2049 702 2090 Lazarum,

252 2093 342 2126 Haec
367 2104 424 2127 suo
450 2102 563 2129 sancto
590 2103 726 2138 precatu

249 2142 420 2184 Expurget
445 2155 503 2177 nos
529 2155 548 2177 a
574 2150 677 2181 reatu.

183 2221 216 2254 3.
245 2222 332 2260 Quae
360 2221 533 2254 draconem
559 2224 723 2258 leoninum

243 2270 307 2301 Per
329 2270 485 2302 auxilium
515 2272 661 2304 divinum

246 2317 332 2349 Vicit
357 2328 414 2351 suo
441 2318 585 2352 funiculo

244 2365 347 2399 Utens
373 2367 435 2400 Dei
462 2369 594 2402 auxilio.

893 1784 923 1815 4.
952 1782 978 1814 O
1006 1783 1109 1815 dulcis
1138 1784 1258 1818 Christi
1289 1787 1428 1830 hospita,

951 1831 1014 1862 Per
1040 1836 1094 1864 tua
1121 1838 1233 1866 sancta
1259 1837 1374 1869 merita

949 1879 1015 1911 Ora
1042 1890 1101 1920 pro
1128 1882 1219 1914 nobis
1246 1885 1393 1917 omnibus

950 1928 1052 1960 Tuum
1082 1929 1197 1962 festum
1224 1933 1414 1968 colentibus.

912 2029 920 2037 .
948 2005 1113 2038 Concedat
1143 2008 1281 2048 simplex
1308 2011 1424 2051 unitas,

946 2054 1094 2086 Praestet
1122 2066 1184 2087 una
1211 2058 1374 2101 divinitas,

948 2102 992 2134 Ut
1018 2106 1091 2135 tuae
1118 2105 1223 2137 laudis
1250 2108 1376 2140 cantica

947 2150 1049 2182 Nobis
1076 2153 1138 2183 sint
1166 2154 1346 2189 salutifera.

909 2253 916 2260 .
945 2227 993 2260 Sit
1016 2229 1085 2261 laus
1112 2235 1248 2270 paterno
1276 2233 1388 2266 lumini

944 2278 1022 2310 Cum
1050 2279 1116 2311 tilio
1144 2281 1192 2311 vel
1218 2280 1350 2325 flamini,

944 2325 986 2358 Ut
1024 2336 1080 2358 nos
1107 2337 1166 2368 per
1192 2329 1342 2363 Marthae
1369 2334 1520 2368 meritum

945 2374 1033 2406 Caeli
1061 2377 1252 2410 transducat
1277 2381 1412 2415 aditum.

257 2443 343 2471 Brev.
366 2445 561 2473 Xautonense
583 2447 656 2483 impi
671 2448 798 2476 Pictavii
823 2447 906 2477 1542.
929 2466 966 2470 ——
988 2450 1013 2483 2,
1036 2450 1054 2479 3
1076 2454 1138 2481 Rex
1161 2464 1223 2482 suo.
1240 2471 1278 2476 —
1299 2456 1326 2491 6,
1349 2456 1361 2485 l
1385 2459 1432 2487 sit
1452 2461 1518 2490 laus

177 2484 312 2518 patrono.
334 2498 372 2502 —
389 2481 420 2516 6,
441 2481 460 2512 3
481 2485 523 2513 Ut
543 2486 595 2522 qui
617 2495 678 2522 per.

1282 2545 1340 2574 16*
