1653 2656
150 347 179 378 1.

157 1545 189 1576 ΣΟ

671 136 931 172 -284—

572 260 639 291 476.
680 260 722 290 Do
743 259 851 290 sancto
874 257 1030 289 Senex-ico.

207 344 399 376 Cunctarum
426 351 531 373 rerum
558 342 693 374 Domino
829 341 862 374 4.
890 337 1054 378 Confregit
1080 337 1203 368 hostem
1226 335 1360 376 viribus,

207 392 252 424 Sit
279 391 347 422 laus
374 395 404 421 et
430 389 576 421 iubilatio

205 441 242 472 ln
269 438 410 471 Senerici
437 437 549 478 gloria,

205 488 290 526 Quae
317 486 392 517 data
417 490 463 516 est
490 494 528 516 ex
554 485 668 524 gratia.

207 572 374 605 Senericus
400 571 584 602 juvenculus
836 571 868 602 5.

208 621 274 652 Piis
300 621 440 651 intentus
467 619 581 650 studiis

208 668 394 708 Spernendo
422 667 528 698 mundi
557 667 688 705 gloriam

209 715 413 755 Comparavit
440 719 635 755 perpetuam.

209 801 321 833 Levita
347 800 533 841 apostolicis
838 800 869 830 6-

210 849 385 881 Ordinatus
412 849 442 879 in
469 847 599 879 sedibus

210 897 299 929 Stola
325 905 358 927 se
384 895 611 927 sanctimoniae

211 945 343 977 Ornavit
370 949 400 976 et
426 943 575 976 iustitiae.

893 388 976 427 Quas
1002 385 1127 417 nocebit
1153 384 1318 423 divinitus,

893 435 1036 474 Regnum
1063 441 1097 464 se
1124 431 1202 464 fecit
1226 432 1362 464 Domino

894 483 973 521 Regi
1000 490 1108 522 regum
1135 479 1280 520 pacifico.

896 567 1110 607 Resplenduit
1134 565 1319 603 virtutibus,

896 618 981 655 Quas
1005 624 1098 646 servo
1125 614 1217 646 dedit
1241 613 1398 645 Dominus

896 664 1079 703 Languores
1107 671 1222 693 curans
1249 671 1418 702 corporum

894 711 1092 750 Medensque
1114 710 1242 741 morbos
1269 710 1433 743 mentium.

900 798 1034 828 Precatu
1061 796 1149 827 cuius
1175 795 1294 827 adiuva

898 845 1105 884 Omnipotens
1131 853 1188 875 nos
1215 843 1357 884 trinitas,

897 894 1002 930 Pater,
1031 892 1088 931 fili,
1115 891 1283 933 paraclite,

896 941 1044 980 Regnans
1070 944 1201 971 aeterno
1229 944 1383 979 tempore.

228 1039 361 1065 passion.
383 1047 434 1064 ms.
457 1046 530 1064 saec.
554 1034 591 1072 [9.
617 1034 673 1071 lO.]
697 1034 740 1063 11.
762 1035 832 1063 Cod.
854 1035 980 1062 Parisin.
1004 1033 1090 1062 5574.

583 1214 647 1243 477.
692 1214 732 1244 De
753 1216 863 1244 sancto
885 1213 1040 1244 Senerico.

180 1343 186 1350 .
214 1315 391 1353 Senericus,
419 1314 469 1345 hic
495 1314 619 1345 advena
843 1315 875 1347 3.

219 1364 354 1393 Veniens
382 1371 418 1393 ex
446 1362 551 1401 ltalia,

215 1410 381 1448 Exemplis
407 1410 489 1441 alter
515 1409 677 1440 Abraham

219 1458 347 1497 Sprevit
372 1461 532 1496 parentes,
560 1457 707 1496 patriam.

218 1543 322 1574 Fulsit
347 1543 378 1573 in
405 1546 530 1573 nostras
556 1541 704 1573 tenebras
841 1545 871 1574 4.

220 1590 430 1623 Illustrandas
456 1599 514 1628 per
540 1590 708 1621 Dominum

218 1639 263 1671 Ut
288 1638 410 1676 lampas
437 1638 523 1668 clara
548 1637 658 1668 iubare

218 1685 334 1726 Verbo,
362 1684 454 1716 factis
481 1689 509 1715 et
536 1694 642 1724 opere.

904 1313 1069 1344 Succurrit
1095 1313 1333 1353 paenitentibus

904 1362 1058 1392 Praesens
1083 1370 1116 1392 se
1143 1360 1403 1400 deprecantibuS,

902 1407 1040 1440 Inflectit
1067 1409 1153 1448 pium
1181 1409 1319 1440 iudicem

902 1456 1037 1488 Reatum
1064 1455 1300 1489 confitentibus.

902 1542 1037 1573 Precatu
1064 1542 1152 1573 cuius
1177 1542 1296 1574 adiuva

901 1589 1109 1629 Omnipotens
1135 1599 1192 1622 nos
1219 1590 1359 1629 trinitas,

903 1637 1006 1679 Pater,
1034 1638 1090 1677 fili,
1120 1638 1286 1679 paraclite,

903 1685 1050 1725 Regnans
1077 1690 1207 1717 aeterno
1233 1690 1388 1726 tempore.

236 1781 368 1806 Passiou.
391 1788 442 1805 ms.
461 1788 534 1805 saec.
558 1777 596 1813 [9.
621 1776 678 1813 lO.]
704 1777 745 1804 ll.
769 1778 838 1805 Cod.
861 1779 978 1806 Parisin
1000 1777 1082 1806 5574.

607 1958 673 1988 478.
716 1958 757 1988 De
779 1960 885 1988 sancto

907 1958 1033 1989 Severo.

403 2059 433 2090 1.
463 2059 529 2090 Iste
555 2056 729 2098 confessor,
756 2057 847 2089 nobis
873 2058 1066 2090 intercessor

463 2105 603 2137 Caelitus
630 2105 734 2143 datus,
762 2105 905 2137 columba
932 2109 1137 2145 monstratus,

464 2153 517 2185 Sic
543 2157 590 2184 est
616 2153 754 2184 sociatus
780 2154 909 2192 praesul
936 2154 986 2186 hic
1013 2154 1125 2186 beatus

608 2201 741 2232 Sanctus
767 2201 913 2234 Severus.

405 2289 437 2320 2.
465 2288 527 2319 Hic
552 2287 711 2327 quondam
737 2297 810 2319 nere
836 2297 923 2320 more
947 2289 1095 2321 muliebri

468 2335 576 2375 Novit,
605 2344 737 2375 carpere
762 2336 866 2368 lanam
894 2341 923 2368 et
949 2341 1070 2378 texere,

467 2384 531 2416 Hie
555 2383 804 2415 monochordum
831 2385 902 2425 plus
928 2395 1021 2426 quam
1049 2387 1284 2420 decachordum

609 2432 754 2473 Tangere
781 2434 893 2468 suevit.
