1653 2656
440 1843 495 1877 10.

437 2073 493 2105 11.

440 2303 493 2334 12.

687 125 952 160 —119—

493 246 500 253 .
527 217 676 254 Aethera
703 225 878 255 transmeat
904 223 945 255 ad
972 225 1090 265 polica,

532 269 672 309 Agmina
699 270 763 302 iam
790 271 878 303 videt
903 273 1059 312 angelica,

534 316 661 350 Gaudia
687 327 758 350 cum
785 319 900 359 quibus
926 320 1065 353 almifica

534 365 694 405 Perpetuo
722 368 844 399 meritis
872 368 998 402 habeat.

495 476 502 483 .
531 448 688 492 Martyrio
716 454 805 485 dedit
832 455 994 496 articulos,

534 499 719 532 Curriculos
745 503 869 542 sprevit
895 504 1054 540 aureolos,

531 548 645 580 Omnia
672 551 778 581 carnis
803 554 833 581 et
859 551 974 583 illicita

532 595 692 628 Funditus
720 599 843 638 expulit
869 604 903 630 ut
931 609 1040 634 vacua.

490 706 497 713 .
525 678 666 722 Pyrgica
698 684 795 715 verba
821 685 1045 726 philosophica

532 730 685 766 ventilat,
713 733 830 764 astruit
857 738 886 764 et
914 740 1053 774 reputat,

531 777 694 820 Disputat„
723 781 813 812 inicit
839 785 934 821 atque
960 784 1086 822 probat.

531 828 612 857 Arte
639 828 758 867 politus
785 830 970 868 apostolica.

496 938 502 945 .
530 911 657 946 Abdita
683 915 806 954 scripta
832 916 1022 957 theologica,

532 961 671 1002 Physica
696 963 831 1002 protulit
858 965 1007 1005 armario,

531 1010 664 1049 Pinguis
691 1014 722 1041 et
747 1011 779 1042 in
806 1012 930 1043 ratione
956 1022 1075 1052 procax

531 1058 650 1097 Incipit
677 1062 707 1089 et
734 1059 894 1091 trutinans
922 1066 1087 1094 memorat.

529 1141 750 1186 Rhetoricam‚
779 1146 943 1177 Ciceronis
969 1156 1060 1189 opus,

529 1192 681 1224 Primitus
708 1193 808 1226 obicit
834 1198 868 1225 ut
895 1195 1013 1234 potius,

527 1240 612 1272 Hinc
638 1250 786 1274 reserans
813 1242 873 1273 tibi
901 1244 1030 1283 templa,
1061 1244 1155 1283 Deus,

524 1289 578 1320 Ad
607 1290 732 1329 species
757 1291 907 1331 generale
934 1300 1043 1331 genus.

494 1403 500 1409 .
529 1373 610 1408 lnde
637 1382 729 1417 parat
757 1378 826 1409 nois
853 1378 1029 1418 argolicum

527 1424 615 1456 Dans
643 1426 792 1465 laqueum
819 1426 882 1458 sibi
908 1427 1109 1467 syllogicum,

529 1474 572 1506 Ut
596 1474 740 1513 triplicet
769 1474 900 1507 deitatis
927 1485 1017 1515 opus,

527 1522 594 1561 Quo
621 1523 706 1562 viget
733 1523 901 1555 ecclesiale
929 1525 1036 1558 decus,

528 1605 671 1649 Spiritus
697 1610 832 1651 ancipiti
857 1611 965 1651 gladio

524 1657 682 1690 Domnius
708 1660 849 1699 armiger
874 1659 960 1691 haud
987 1660 1118 1692 timidus

524 1706 709 1739 Platonicos
737 1711 868 1739 revocat
896 1709 1042 1749 gemitus,

525 1754 667 1787 Proterit
693 1755 862 1788 horrificos
889 1757 1054 1796 strepitus.

527 1839 563 1876 In
592 1843 712 1875 deitate
739 1844 860 1884 gradus
887 1845 993 1876 varios

522 1891 594 1923 Non
621 1900 770 1924 reserans
796 1893 900 1924 minus
928 1893 1013 1925 haud
1040 1894 1164 1933 nimios,

522 1939 604 1972 Nam
632 1941 762 1972 deitatis
789 1941 891 1973 honor
917 1943 1031 1982 parilis

523 1990 658 2029 Semper
682 1990 787 2029 adest,
816 1989 876 2022 fuit
903 1995 933 2021 et
961 1989 1069 2024 fuerit.

522 2068 619 2105 Unde
645 2073 824 2112 sophistica
852 2073 939 2104 dicta
966 2072 1065 2115 fugat,

521 2120 655 2153 Perfida
682 2121 829 2153 contudit
856 2126 887 2153 et
912 2122 1043 2160 jaculat,

522 2170 649 2210 pyrgus
675 2174 709 2202 at
733 2170 810 2202 inde
835 2170 915 2201 nihil
942 2170 1056 2210 valuit,

522 2218 669 2258 Namque
696 2219 804 2258 perire
831 2218 932 2258 magis
961 2219 1092 2258 placuit.

523 2298 643 2334 Sancte
669 2305 773 2343 pater,
801 2301 854 2340 pie
881 2304 994 2339 pastor
1019 2310 1118 2332 ovans

518 2349 695 2382 Ierusalem
715 2349 811 2389 polis,
839 2348 1022 2380 aetheream

518 2397 672 2430 Attribue
700 2396 829 2429 famulis
854 2397 1005 2438 patriam,

520 2446 648 2479 Caelica
673 2446 789 2487 gaudia
818 2455 880 2486 quo
907 2450 1047 2478 teneant.
