1653 2656
753 123 986 158 „95-

580 247 639 277 158.
682 246 721 276 De
742 254 782 276 ss.
804 245 970 277 Benedietu
992 247 1024 276 et
1045 245 1162 276 Mauro.

759 306 809 333 Ad
841 306 970 333 Horas.

210 382 242 414 1.
270 384 416 415 Dilectus
443 383 494 414 hie
521 384 621 423 pollet
650 388 733 424 tuus,

271 430 509 462 Sanctissimum
538 435 679 463 nostrum
704 432 811 469 decus,

268 480 365 517 Quem
394 479 600 510 Benedictum
630 479 774 517 dicimus,

267 527 294 557 A
326 535 386 565 quo
412 526 514 557 iuvari
541 527 710 566 poscimus

899 385 932 420 2.
960 384 1016 423 Te,
1044 387 1138 424 pater
1163 384 1287 424 Maure,
1313 386 1460 427 petimus,

958 432 1059 463 Nobis
1087 433 1242 472 deposcas
1269 433 1405 474 veniam,

957 480 1001 512 Ut
1026 490 1083 512 nos
1109 489 1247 520 superna
1273 481 1386 513 civitas

957 529 1118 560 Perennes
1145 529 1228 560 cives
1255 529 1380 562 habeat.

283 611 368 637 Brev.
393 620 443 637 ms.
467 614 494 638 S.
518 612 646 646 sophiae
670 612 895 640 Beneventanae
918 621 994 640 saec.
1019 611 1063 640 11.
1078 613 1151 641 Cod.
1173 614 1362 650 Neapolitan.
1379 615 1420 642 VI
1434 615 1460 642 E
1474 610 1522 643 43.

630 743 690 774 159.
732 743 773 774 De
795 746 902 774 saneto
924 745 1100 775 Benedicta.

738 804 759 829 Α
768 803 785 830 d
813 805 836 830 T
846 813 860 830 e
871 805 916 831 rti
927 813 943 831 a
952 814 988 831 m.

205 879 236 910 1.
266 879 440 910 Benedicto
467 881 550 919 quod
578 881 760 920 psallemus,

264 926 305 957 Et
333 927 416 965 quod
444 927 502 958 tibi
526 928 706 968 iubilemus,

264 973 393 1004 Donare
421 975 511 1005 nobis
538 976 702 1015 deprecor,

261 1021 400 1051 Aeterve
425 1031 532 1053 rervm
560 1024 720 1057 conditor.

205 1107 236 1137 2.
264 1107 362 1144 Quem
390 1107 537 1138 formavit
564 1114 593 1138 et
622 1109 752 1148 creavit,

264 1153 472 1190 Guberuax‘it,
501 1155 702 1195 vonfortavit,

263 1200 305 1232 Ut
333 1207 440 1233 sancte
469 1203 568 1241 possit
595 1205 710 1239 vivere,

260 1248 421 1287 Splendor
439 1253 601 1288 paternae
623 1252 770 1290 (florinet.

201 1334 232 1366 3.
262 1334 446 1373 Benedicte,
475 1340 566 1374 pater
591 1337 652 1375 pie,

261 1381 406 1412 Lucerna
434 1383 580 1414 caelestis
607 1385 688 1425 viae,

260 1428 305 1458 Te
332 1429 437 1468 laudo,
465 1435 574 1469 pastor
600 1432 719 1469 inclite,

257 1476 331 1506 Iam
359 1477 437 1508 lucis
465 1481 532 1509 orto
559 1478 671 1511 sidere.

196 1562 227 1592 4.
257 1561 301 1593 Ut
327 1570 385 1600 per
410 1562 504 1593 istum
532 1567 563 1594 te
590 1564 755 1597 laudemus

258 1608 298 1639 Et
328 1609 440 1640 devote
467 1611 645 1650 adoremus,

256 1656 390 1696 Largire
418 1657 569 1689 divinitus

253 1703 352 1735 Num
377 1708 486 1736 sancte
512 1707 602 1738 nobis
626 1708 772 1746 spiritus.

221 1815 228 1822 .
255 1791 320 1822 Iste
348 1796 475 1822 sanctus
502 1796 532 1822 te
560 1793 703 1824 laudavit

252 1838 453 1869 Incessanter
479 1844 509 1870 et
535 1841 661 1881 amavit,

251 1885 372 1917 Ductor
399 1885 459 1917 fuit
486 1889 639 1927 egregius,

250 1933 366 1965 Recior
385 1938 511 1974 potens,
547 1945 643 1967 rerem·
669 1937 768 1970 Deus.

197 1792 214 1822 (ω

917 884 947 915 6.
976 883 1038 913 Hie
1064 882 1209 915 fervebat
1237 884 1372 916 caritate

976 931 1017 961 Et
1045 929 1187 969 fulgebat,
1218 933 1374 974 castitate,

975 978 1043 1009 Nec
1069 983 1138 1010 erat
1164 980 1195 1010 in
1223 980 1320 1011 corde
1346 981 1429 1012 livor

973 1026 1095 1057 Rerum
1122 1027 1223 1069 Deus,
1255 1030 1352 1059 tenax
1379 1028 1477 1068 viyor.

939 1137 946 1143 .
975 1112 1010 1142 In
1037 1116 1197 1151 pastorem
1224 1117 1255 1144 te
1281 1115 1402 1145 creavit

970 1159 1199 1191 Monachorum
1227 1164 1258 1192 et
1286 1161 1415 1193 donavit

973 1207 1120 1238 Inclitum
1148 1208 1316 1248 collegium

971 1255 1073 1293 Deus,
1101 1258 1225 1287 creator
1251 1257 1411 1291 omnium.

971 1339 1013 1372 Ut
1034 1340 1189 1383 Christus,
1215 1351 1274 1381 per
1299 1346 1330 1373 te
1357 1343 1512 1383 placatus,

968 1387 1068 1418 Nobis
1096 1389 1180 1419 mitis
1207 1390 1247 1420 sit
1276 1394 1306 1421 et
1335 1396 1452 1433 gratus,

970 1435 1130 1467 l'oscimus
1155 1437 1338 1477 suffragium

966 1483 1010 1513 Te
1036 1484 1115 1515 lusis
1141 1490 1216 1517 ante
1239 1487 1425 1520 terminum.

935 1591 941 1598 .
969 1568 1026 1607 Qui
1047 1573 1077 1599 te
1097 1569 1240 1609 laudant,
1260 1581 1322 1603 non
1341 1571 1507 1616 falluntur,

968 1616 1030 1647 Sed
1062 1617 1144 1649 libro
1171 1619 1255 1650 vitae
1280 1620 1499 1653 inscribuntur

967 1664 1057 1694 Servi
1084 1666 1139 1705 tui,
1168 1667 1251 1698 servi
1276 1667 1347 1707 Dei,

967 1712 1071 1749 Pater,
1101 1715 1272 1746 recordare
1298 1717 1369 1749 mei.

1502 1649 1510 1663 9

931 1823 936 1829 .
963 1797 1074 1829 Gloria
1100 1801 1132 1830 in
1159 1806 1347 1840 perpetuum

963 1845 1009 1876 Sit
1038 1849 1173 1878 creatori
1199 1851 1349 1888 omnium,

963 1894 1019 1930 Qui
1049 1895 1100 1925 (let
1129 1905 1186 1934 per
1212 1902 1264 1928 tua
1293 1900 1405 1932 merita

961 1941 1068 1973 Beata
1095 1944 1189 1975 nabis
1213 1947 1348 1985 gaudia.

268 2019 387 2054 Antiph.
418 2029 468 2046 ms.
498 2022 526 2046 ὅ.
556 2022 689 2048 Coronas·
719 2031 793 2049 saec.
825 2022 867 2050 13.
895 2025 964 2052 Codv
987 2027 1108 2062 Pragen.
1131 2030 1188 2056 XII
1211 2031 1232 2057 C
1254 2030 1269 2058 7
1293 2042 1318 2059 a.
1341 2034 1406 2061 add.
1429 2045 1506 2063 saec.

194 2054 236 2082 14.
259 2058 296 2083 in.
324 2072 356 2075 —
380 2061 437 2084 Str.
460 2058 476 2085 9
498 2059 649 2087 vielleicht
670 2061 784 2088 unecht.
809 2060 851 2093 10,
873 2061 891 2089 4
913 2064 1006 2091 Nobis
1029 2066 1123 2094 beata.

616 2191 676 2222 160.
721 2193 760 2223 De
782 2196 889 2225 sancto
914 2195 1082 2228 Bernardo.

188 2269 217 2302 1.
246 2268 300 2300 Fit
326 2271 469 2309 paradisi
494 2272 587 2304 ianua

246 2317 363 2348 Pateus
390 2319 451 2350 Dei
477 2321 655 2362 clementia,

245 2364 327 2396 Dum
355 2367 513 2399 Beruardi
538 2370 720 2408 praesentia

244 2414 329 2445 Petit
356 2415 435 2446 caeli
462 2417 591 2456 palatia.

873 2278 905 2310 2,
933 2276 1054 2309 Doctor
1081 2289 1199 2313 morum
1226 2285 1437 2327 sanctissime,

932 2326 1097 2358 Bernarde
1124 2329 1317 2369 beatissime,

931 2373 1048 2406 Dulces
1077 2381 1166 2409 natos
1193 2388 1255 2411 non
1282 2381 1423 2422 deseras,

931 2422 1014 2461 Quos
1042 2426 1187 2465 exemplo
1213 2436 1379 2467 genueras.
