1653 2656
764 146 1002 182 -85-

225 246 259 278 5.
282 241 355 278 Non
382 245 481 277 visum
510 245 606 276 choro
632 243 815 284 praesulum
908 244 940 276 6.
968 240 1038 282 ope
1063 245 1118 274 tua
1143 250 1213 273 cum
1241 240 1390 282 precibus

280 292 328 324 Te
354 296 463 325 sancto
488 293 570 324 mira
595 292 676 324 visio
967 291 1023 329 Te,
1051 294 1154 330 pater,
1181 289 1392 323 exorantibus

252 340 256 345 '
283 341 385 373 Situm
411 341 576 381 praecelso
601 340 681 371 solio
966 338 1092 370 Dentur
1116 338 1149 369 in
1177 337 1257 369 caeli
1282 337 1371 370 curia

282 389 393 420 Prodit
419 392 499 420 teste
527 387 691 428 Gregorio.
968 386 1068 418 Beata
1093 385 1186 418 nobis
1210 385 1337 427 gaudia.

599 474 628 507 7.
656 474 778 513 Honor,
806 473 907 504 virtus
932 477 963 504 et
990 473 1092 512 gloria

655 521 703 553 Sit
728 521 876 561 trinitati,
905 521 1009 561 gratia

657 569 753 600 Cuius
780 569 888 600 clausa
911 569 1102 608 praecordia

660 618 691 648 Is
717 626 774 648 sua
800 615 877 648 fecit
902 617 1023 656 pervia.

293 692 425 718 Pontific.
452 701 504 718 ms.
527 692 726 719 Paulanorum
748 700 822 719 saec.
848 690 891 718 15.
912 691 980 719 Cod.
1004 693 1139 719 Vatican.
1162 692 1301 719 Ottobon.
1324 689 1391 719 502.
1413 706 1450 710 —
1473 691 1540 718 Den

219 730 357 766 Hymnus
386 739 437 756 zur
457 731 541 757 Noct.
563 731 678 757 Auxit
705 739 870 757 errorem
899 730 1033 757 nubilo
1062 730 1142 758 siche
1165 731 1249 757 Anal.
1272 731 1374 763 XXII,
1403 728 1440 756 47
1471 738 1498 756 u·
1520 729 1539 756 f.

220 769 282 795 Der
301 766 490 803 vorliegende
512 769 591 795 fiihrt
616 769 672 795 den
696 769 905 796 Abcdarismus
927 769 972 796 bis
988 769 1012 795 ‹1›
1034 770 1141 796 weiter.
1186 768 1347 796 Vielleicht
1368 767 1441 795 fehlt
1463 768 1540 795 noch

221 807 268 833 ein
290 806 403 833 drittes.
425 808 470 833 bis
492 808 512 833 Z
535 807 705 834 reichendes
730 807 831 834 Sttick.

639 890 700 921 140.
742 891 782 920 De
806 892 913 921 saneto
936 890 1119 930 Augustino.

763 950 811 977 Ad
840 950 992 977 Laudes.

226 1022 258 1055 1.
285 1021 362 1052 Flos
389 1022 476 1061 cleri,
504 1031 614 1053 norma
640 1023 832 1062 praesulum,
909 1025 941 1056 3.
970 1024 1035 1054 Iam
1062 1023 1223 1064 supplices
1250 1028 1281 1055 te
1308 1024 1480 1063 poscimus,

285 1068 513 1101 canonicorum
541 1071 714 1109 speculum,
969 1071 1012 1103 Ut
1038 1071 1110 1111 tuis,
1138 1075 1240 1110 pater,
1269 1071 1417 1110 precibus

284 1117 351 1148 Iam
376 1116 467 1148 bonis
493 1118 581 1157 regni
608 1117 724 1149 frueris
968 1119 1078 1158 Culpis
1107 1119 1222 1150 deletis
1249 1119 1394 1150 omnibus

284 1164 361 1196 Cum
389 1164 566 1196 Salomonis
593 1166 710 1204 pueris.
968 1166 1054 1197 Caeli
1081 1167 1248 1206 iungamur
1275 1167 1407 1199 civibus.

220 1250 254 1282 2.
281 1250 348 1281 Iam
372 1251 486 1289 cernis,
514 1261 574 1282 non
594 1260 652 1292 per
669 1252 842 1291 speculum,
904 1253 936 1284 4.
964 1252 1111 1283 Praestet
1135 1256 1228 1291 pater
1253 1252 1423 1295 ingenitus,

285 1296 348 1328 Sed
376 1297 457 1329 facie
483 1299 523 1329 ad
551 1297 664 1329 faciem
964 1300 1111 1331 Praestet
1138 1300 1197 1331 1100
1223 1301 1415 1340 unigenitus,

281 1344 401 1376 Summi
426 1346 509 1385 regis
536 1346 713 1377 cubiculum
965 1348 1111 1379 Praestet
1142 1347 1202 1378 11οο
1228 1352 1356 1379 sanctus
1384 1349 1536 1389 spiritus,

280 1392 323 1424 Et
348 1393 433 1424 illarn
462 1393 583 1425 dulcem
614 1394 763 1433 requiem.
964 1394 1034 1426 Non
1061 1401 1145 1433 tres,
1172 1396 1230 1427 sed
1256 1405 1336 1427 unus
1363 1396 1530 1430 Dominus.

295 1468 379 1494 Brev.
401 1467 522 1494 fratrum
544 1468 741 1495 Eremitaruiu
764 1477 785 1495 s.
808 1469 893 1495 Pauli
915 1470 983 1504 imp.
1006 1470 1136 1496 venetiis
1161 1469 1242 1497 1540.

676 1599 731 1630 141.
773 1599 813 1629 De
835 1602 943 1630 sancta
964 1600 1076 1631 Aurea.

760 1659 810 1686 Ad
838 1660 993 1687 Laudes.

219 1730 252 1763 1.
278 1728 317 1761 In
343 1731 415 1761 aula
441 1731 501 1762 iam
529 1731 679 1763 aetherea
903 1734 934 1766 3.
961 1733 1117 1773 Despexit
1143 1735 1252 1766 mundi
1279 1735 1413 1774 gloriam

277 1778 457 1818 Conspectu
483 1780 590 1818 sponsi
619 1778 745 1817 fruitur,
962 1781 1143 1822 Capescens
1171 1782 1291 1814 Christi
1318 1784 1466 1823 gratiam,

278 1825 376 1864 Quem
404 1827 492 1866 virgo
520 1826 596 1858 felix
625 1829 730 1859 Aurea
962 1829 1104 1869 Reliquit
1130 1831 1234 1862 aulam
1263 1831 1382 1871 regiam

277 1873 410 1913 Semper
436 1874 597 1906 laudando
623 1876 775 1915 sequitur.
963 1877 1138 1909 Caelestem
1165 1887 1320 1918 quaerens
1347 1880 1501 1919 patriam.

219 1961 252 1994 2.
278 1958 428 1991 Mortalis
454 1959 515 1991 viri
541 1961 669 1999 nuptias
901 1963 932 1994 4.
961 1963 1023 1994 Per
1049 1972 1168 2002 poenas
1196 1969 1227 1995 et
1252 1965 1413 2005 supplicia

273 2007 397 2039 Innecti
424 2008 512 2047 virgo
539 2008 652 2046 renuit,
960 2010 1087 2042 Transit
1115 2012 1156 2043 ad
1183 2021 1259 2044 vera
1285 2014 1413 2053 gaudia,

273 2055 360 2094 Quae
387 2056 483 2087 castis
509 2055 571 2087 iam
598 2056 722 2088 deliciis
962 2058 1036 2089 Post
1062 2058 1147 2091 bella
1173 2061 1364 2100 multiplicia

273 2102 353 2134 Cum
380 2103 508 2136 Christo
535 2113 670 2144 regnans
696 2103 811 2137 adfuit.
961 2105 1151 2146 Triumphat
1179 2109 1218 2140 de
1247 2109 1391 2144 victoria.

607 2192 638 2224 5.
665 2190 712 2222 Sit
739 2191 865 2224 Christo
892 2191 959 2231 regi
985 2192 1097 2232 gloria,

663 2239 721 2277 Qui
747 2239 910 2270 coronavit
936 2240 1084 2281 Auream,

661 2287 723 2319 Per
746 2287 834 2318 cuius
861 2287 916 2319 dat
941 2287 1090 2328 suffragia

660 2335 835 2367 Perennem
861 2335 951 2367 nobis
977 2336 1128 2371 lauream,

288 2409 370 2436 OffiC.
392 2418 435 2437 ms
467 2411 495 2438 S.
517 2411 632 2438 Aureae
654 2412 764 2438 Ostien.
787 2420 864 2438 saec.
886 2409 930 2438 15.
949 2412 1018 2441 Cod,
1034 2413 1169 2441 Vatican.
1185 2415 1290 2451 Regin.
1316 2415 1398 2446 1949.
1418 2435 1449 2439 —
1465 2421 1534 2449 Den

213 2447 351 2482 Hymnus
372 2457 424 2475 zur
446 2449 558 2486 Vesper
578 2450 658 2477 siehe
680 2450 766 2477 Anal.
786 2451 868 2486 XIX,
889 2448 934 2477 73.
