1653 2656
722 175 983 210 —130—

638 272 700 303 ⁶219.
742 270 782 300 De
807 270 916 300 sancto
937 265 1064 298 Escillo.

715 330 764 357 Ad
792 330 991 364 Vesperas.

206 415 236 448 1.
264 415 329 446 Iam
355 413 421 444 dies
447 412 539 442 adest
565 410 711 448 celebris,
887 407 916 439 3.
943 403 1086 437 Eskillus
1112 401 1211 442 signis
1237 400 1353 432 emicat

264 461 355 493 Nova
381 459 536 491 resultant
561 457 695 495 cantica,
945 452 1040 484 Ritus
1066 448 1235 482 confutans
1261 447 1414 488 gentium,

262 509 341 548 Quia
367 506 483 546 fugatis
510 505 650 537 tenebris
947 499 1108 531 Christum
1134 500 1297 528 auctorem
1324 493 1489 534 praedicat

266 557 386 596 Regnat
414 554 492 586 fides
519 553 684 585 catholiea.
946 548 990 579 Et
1015 547 1207 578 salvatorem
1233 543 1383 575 omnium.

203 645 234 676 2.
263 641 388 674 Gaude.
416 648 531 680 parens
557 638 733 678 Britannia,
888 636 921 668 4.
949 632 1078 671 Verbis,
1105 629 1260 669 exemplis
1288 628 1403 660 claruit

264 690 312 722 De
338 692 445 720 tantae
471 687 570 726 prolis
596 694 734 726 munere,
947 681 1048 713 Saluti
1076 679 1209 711 studens
1235 677 1384 715 omnium,

266 736 401 769 Exsulta
424 735 534 774 magis,
562 733 684 771 Suecia,
947 728 1091 761 Tandem
1116 730 1251 758 mortem
1271 723 1423 756 sustinuit

266 785 313 816 De
338 793 419 815 novo
445 783 524 814 lucis
551 782 666 812 sidere.
947 777 1092 816 Migrans
1119 774 1197 806 felix
1223 773 1264 805 ad
1293 771 1456 812 gaudium.

608 870 640 900 5.
669 866 742 899 Tibi
768 865 808 896 sit
833 865 902 896 laus
929 868 959 894 et
985 862 1102 903 gloria,

668 914 792 945 Corona
817 911 1059 951 triuphantium,

668 962 733 992 Nos
759 960 876 992 Eskilli
902 967 996 999 prece
1022 958 1075 997 pia

669 1009 738 1040 Due
764 1008 805 1039 ad
834 1007 914 1039 caeli
939 1006 1104 1046 palatium.

287 1097 414 1131 Legend.
425 1106 476 1122 ms.
486 1095 638 1122 Laurentii
651 1094 762 1120 odonis
771 1094 929 1126 Lincopen.
940 1099 1014 1117 saec.
1026 1089 1097 1115 14515.
1107 1089 1178 1115 Cod.
1192 1087 1332 1114 Dresden.
1342 1087 1366 1112 A
1378 1083 1431 1111 182
1441 1085 1475 1111 A.
1487 1097 1521 1101 —

210 1138 279 1164 Ant.
310 1142 337 1161 et
364 1135 460 1169 hymn.
490 1144 541 1159 nis.
563 1136 704 1159 &eat-ense
726 1140 801 1157 saec.
826 1128 867 1156 14.
889 1127 929 1164 [et
953 1127 1018 1163 l5..]
1041 1127 1110 1155 Cod.
1134 1126 1273 1161 Upsaleu.
1297 1127 1318 1152 C
1340 1121 1406 1150 422.
1431 1124 1461 1150 Β.
1487 1137 1521 1141 —-

213 1176 298 1202 Brev.
321 1177 515 1206 Sti-eiigtiunse
542 1173 609 1205 imp.
634 1170 770 1196 Holmiae
801 1166 880 1196 1495.
904 1167 934 1194 C.
956 1181 992 1185 —
1013 1164 1044 1198 3,
1073 1166 1090 1191 :5
1120 1168 1246 1192 actorem
1268 1164 1299 1189 B.
1323 1177 1357 1181 —
1379 1160 1412 1193 5,
1443 1161 1454 1187 1
1479 1162 1523 1187 Sit

213 1214 268 1240 tibi
290 1213 322 1238 A.
345 1227 381 1231 -—
407 1210 471 1245 vgl.
494 1210 661 1243 Klemmiug
684 1207 702 1234 l.
728 1207 780 1234 ltJ4
800 1217 827 1234 u.
849 1207 867 1232 f.
889 1220 924 1224 —
946 1206 1098 1232 Verfasset·
1118 1204 1212 1229 dieses
1235 1201 1293 1228 und
1315 1201 1366 1227 der
1387 1200 1450 1226 drei
1471 1199 1523 1225 fo]-

212 1251 325 1287 genden
346 1250 482 1284 Hymnmi
510 1246 752 1281 Brynolphus
782 1247 794 1272 1
821 1245 1031 1271 §care-usis.

648 1378 717 1406 220.
759 1376 799 1406 De
821 1376 927 1405 saneto
950 1373 1072 1404 Eseillo.

710 1437 761 1462 Ad
787 1436 1027 1462 Nocturnum.

222 1521 254 1551 1.
282 1517 398 1549 Eskilli
424 1526 482 1556 pro
511 1515 641 1546 victoria
902 1514 933 1545 3.
961 1513 998 1543 In
1024 1510 1087 1541 fide
1112 1510 1193 1541 luxit
1220 1508 1366 1540 omnibus

282 1565 404 1604 Gaude,
431 1568 533 1595 mater
558 1562 702 1600 ecclesia,
962 1560 1024 1591 Per
1049 1559 1149 1597 signa,
1177 1566 1239 1597 per
1265 1556 1423 1597 prodigia,

281 1612 399 1644 Christi
425 1611 550 1642 suffulta
577 1610 678 1650 gratia
962 1606 1118 1638 Mundum
1153 1605 1282 1637 calcans
1309 1603 1367 1635 sub
1394 1602 1532 1643 pedibus

277 1660 400 1692 Devota
425 1659 475 1690 fac
500 1659 652 1698 tripudia.
961 1655 1091 1686 Manum
1118 1654 1201 1684 misit
1229 1653 1270 1684 ad
1298 1650 1406 1683 fortia.

223 1749 254 1779 2.
283 1747 368 1784 Pius,
396 1747 538 1788 ‹levotu3‚
566 1745 703 1785 humilis,
907 1745 938 1775 4.
966 1743 1055 1774 Mors
1082 1741 1226 1780 corporis
1253 1739 1477 1771 contemnitur.

285 1795 421 1826 Viveudi
448 1793 581 1825 formam
609 1792 767 1832 praebuit,
967 1791 1048 1821 Dum
1075 1789 1193 1822 Christi
1227 1797 1312 1819 mors
1345 1787 1534 1826 attenditur,

284 1844 320 1876 ln
347 1843 416 1882 lege
443 1842 502 1874 Dei
529 1841 651 1879 docilis,
967 1838 1072 1869 Vincit
1097 1846 1181 1877 erg0‚
1211 1836 1285 1868 dum
1313 1836 1461 1867 vincitur.

283 1891 409 1931 Verbis,
437 1890 590 1929 exemplis
619 1889 744 1922 claruit.
966 1886 1070 1926 Magis
1096 1885 1205 1924 vineit,
1231 1893 1300 1916 cum
1328 1884 1475 1915 moritur.

593 1978 623 2007 5.
653 1974 728 2006 Tibi
753 1974 793 2005 sit
818 1973 887 2004 laus
914 1978 944 2003 et
971 1973 1082 2012 gloria.

300 2065 385 2090 Brev.
407 2062 582 2097 Stregnense
603 2062 670 2096 imp.
693 2061 832 2088 Holmiae
854 2056 936 2085 1495.
959 2072 993 2076 —-
1013 2057 1080 2092 Vgl.
1101 2056 1270 2091 Klemming
1291 2055 1314 2087 I⁷
1338 2053 1391 2082 105
1412 2063 1441 2081 u.
1462 2055 1481 2081 f.

669 2193 731 2223 221.
770 2191 814 2222 De
835 2191 942 2221 sancto
962 2188 1090 2220 Eseillo.

719 2252 767 2279 Ad
795 2252 1038 2278 Nocturnum.

229 2336 262 2369 1.
289 2335 343 2368 Ad
369 2335 495 2367 laudem
521 2331 623 2364 sancti
648 2329 807 2371 praesulis
914 2330 947 2362 2.
973 2327 1127 2366 Eskillus‚
1155 2326 1285 2366 praesul
1310 2324 1453 2365 inclitus,

287 2385 331 2416 Et
357 2381 531 2415 venerandi
556 2379 707 2419 martyris
974 2375 1097 2407 Diebus
1123 2378 1219 2415 atque
1244 2373 1392 2406 noctibus

289 2431 379 2464 Totis
404 2431 578 2471 psallamus
604 2427 725 2459 viribus
976 2423 1087 2457 Flexis
1112 2423 1217 2455 oravit
1239 2421 1371 2463 genibus

292 2481 383 2512 Hunc
408 2480 593 2511 invocantes
618 2475 779 2517 precibus.
979 2474 1042 2505 Pro
1067 2471 1200 2513 perfidis
1226 2470 1411 2513 gentilibus,
