1653 2656
761 155 1018 190 —231—

641 295 710 327 384.
750 296 793 328 De
815 299 926 329 sancta
946 298 1140 338 margareta.

225 370 254 405 1.
283 368 412 406 Gaudio
438 383 562 407 summo
586 376 726 418 virgines

282 419 418 453 Vestras
445 427 558 455 ornate
583 424 762 465 lampades,

281 468 327 501 Ut
352 469 552 511 Margaritae
579 473 710 512 speculo

282 517 427 558 Regnum
453 519 581 552 intretis
609 521 774 555 caelicnm.

921 382 952 412 5.
979 376 1151 412 Reclusam
1179 385 1251 420 post
1277 381 1309 412 in
1337 390 1466 413 carcere

980 427 1087 459 Draco
1115 429 1254 460 crudelis
1281 430 1424 471 devorat,

979 477 1078 516 Quem
1105 477 1228 516 signnm
1256 477 1377 510 Christi
1403 478 1536 518 dirimit,

983 525 1073 563 Quod
1100 525 1171 564 ipsa
1198 530 1320 565 martyr
1346 525 1493 566 perfecit.

219 603 250 635 2.
278 599 318 636 In
345 613 406 643 qno
433 603 574 645 refulget
598 607 713 638 merito

281 651 358 691 Ipsa
384 653 477 692 virgo
504 654 694 694 clarissima⁷

278 699 366 738 Quae
392 701 502 732 mnndi
529 711 664 743 pompas
691 713 828 736 renuens

280 746 429 780 Sacravit
455 758 489 780 se
513 752 679 791 martyrio.

877 618 885 626 ⁹
918 611 949 642 6.
980 608 1105 643 Dehinc
1129 615 1252 651 martyr
1278 613 1479 644 sanctissima

976 659 1107 690 Hostem
1136 664 1331 699 prostratum
1359 661 1516 698 detinens,

977 707 1040 739 Cur
1066 712 1113 738 tot
1139 713 1169 739 et
1197 713 1285 740 tanta
1311 709 1435 740 scelera

976 754 1187 797 Commiserit‚
1215 757 1401 797 interrogat.

214 835 246 867 3.
275 832 455 874 Rapacitas
481 837 618 877 Olybrii,

273 883 469 916 Antiocheni
495 887 667 925 praesidis,

272 931 377 963 Huius
403 942 513 964 amore
539 935 686 966 saeviens

272 978 367 1011 Furit
390 981 422 1012 iu
448 990 516 1012 eam
543 983 673 1015 acriter.

910 842 940 875 7.
969 838 1017 875 Ut
1045 842 1135 873 belfis
1160 853 1347 884 responsum
1374 844 1474 885 dedit,

966 891 1075 930 Ipsum
1102 891 1217 932 abysso
1244 892 1389 933 tradidit,

967 939 1103 971 Ustione
1129 944 1200 978 post
1228 940 1373 971 caeditur

968 987 1053 1017 Acre
1080 996 1235 1026 suspensa
1262 997 1408 1027 corpore.

212 1067 244 1099 4.
271 1063 334 1100 Ast
359 1068 524 1099 adamanti
551 1069 665 1100 similis
911 1073 941 1106 8,
971 1070 1066 1105 Saevi
1091 1074 1219 1112 tyranni
1246 1075 1396 1105 mandato

272 1113 392 1146 Preces
419 1120 450 1147 et
475 1116 578 1148 minas
604 1117 745 1150 irridens
969 1121 1136 1160 Iugulatur
1161 1122 1303 1162 prudens
1330 1123 1434 1162 virgo.

271 1161 489 1204 Suspenditur
514 1163 546 1196 in
573 1174 658 1203 aere7
968 1168 1136 1200 Caelorum
1164 1171 1230 1209 regi
1257 1171 1444 1210 supplicans

269 1209 455 1243 Dilaniatur
480 1213 634 1252 graviter.
969 1217 1030 1248 Pro
1057 1217 1161 1257 ipsam
1190 1219 1426 1250 venerantibus

621 1306 651 1332 9.
681 1301 793 1333 Gloria
820 1302 890 1341 tibi,
919 1303 1066 1336 Domino.

286 1383 372 1411 Brev.
405 1393 458 1411 ms.
487 1386 718 1414 Ambrosianum
750 1396 827 1415 saec.
864 1387 907 1415 15.
940 1390 1009 1417 Cod.
1041 1391 1177 1426 lior-gian.
1207 1392 1236 1418 M
1265 1392 1294 1418 II
1325 1389 1370 1418 20.
1400 1407 1434 1409 -
1464 1390 1494 1421 ’2,
1527 1390 1544 1419 :3

206 1430 343 1458 pumpas.
366 1437 403 1441 —-
431 1422 457 1455 3,
481 1422 498 1450 3
520 1426 663 1451 saeviens.
687 1441 723 1444 —
739 1425 764 1459 6,
787 1425 804 1453 *2
821 1427 931 1454 Hostes
954 1432 1127 1463 prostratos
1146 1444 1178 1448 —
1196 1429 1220 1460 7,
1247 1429 1258 1456 1
1283 1430 1366 1456 licitis
1389 1432 1433 1457 fuir
1457 1431 1543 1457 belva

208 1460 279 1488 oder
302 1461 428 1489 belbus?
457 1479 486 1482 —
509 1463 571 1490 Das
594 1464 796 1492 Akrostichon
818 1470 910 1493 neunt
931 1468 975 1493 als
997 1468 1151 1495 Verfasser
1173 1469 1368 1496 Girardus.

627 1607 693 1638 385.
736 1606 778 1638 De
801 1610 913 1639 sancta
933 1609 1128 1649 Margareta.

729 1669 817 1697 1111.
840 1671 1026 1706 Vesperis.

205 1743 236 1775 1.
264 1742 342 1775 Dies
369 1744 533 1777 sollemnis
560 1747 676 1789 agitur,

263 1792 298 1823 In
327 1801 389 1832 quo
419 1793 510 1825 dives
536 1794 719 1835 ingreditur

260 1840 448 1881 Margareta
475 1842 598 1882 palatia

261 1888 391 1921 Caelica
418 1899 489 1922 cum
515 1891 652 1926 laetitia.

903 1751 934 1783 3.
962 1750 1120 1790 Princeps
1148 1751 1245 1785 dolet.
1274 1752 1435 1792 irascitur,

964 1800 1059 1831 Crine
1086 1800 1173 1831 nuda
1199 1801 1418 1840 suspenditur,

966 1848 1065 1888 Virgo
1094 1849 1191 1888 virgis
1220 1849 1410 1885 conciditur,

964 1896 1101 1937 Ungulis
1129 1907 1203 1928 caro
1231 1898 1385 1937 carpitur.

200 1976 232 2007 2.
261 1975 381 2016 Regem
410 1978 488 2009 colit
514 1980 711 2020 caelestium,
906 1986 937 2017 4.
966 1984 1101 2015 Dernum
1129 1985 1251 2016 carceri
1278 1985 1430 2022 traditur,

260 2024 388 2057 Cultum
418 2026 551 2060 damnat
577 2030 754 2072 gentilium,
965 2033 1028 2065 Ore
1056 2033 1204 2064 draconis
1233 2033 1405 2074 clauditur,

260 2073 384 2106 Ducem
411 2077 537 2116 spernit
564 2077 756 2110 Olimbrium

257 2122 303 2154 Et
329 2133 445 2156 vanum
473 2126 586 2158 mundi
610 2128 774 2167 gaudium.

968 2082 1028 2113 Per
1057 2091 1183 2112 crucem
1212 2082 1309 2113 draco
1336 2082 1505 2121 scinditur,

963 2130 1048 2161 Sana
1074 2134 1198 2170 martyr
1225 2131 1398 2169 egreditur.

595 2216 625 2246 5.
653 2213 723 2245 Deo
749 2215 836 2254 patri
863 2215 903 2246 sit
931 2216 1044 2257 gloria,

657 2263 717 2301 Qui
744 2263 933 2295 moderatur
957 2265 1074 2306 omnia,

654 2311 798 2352 Eiusque
823 2312 882 2343 soli
908 2314 1017 2352 genito

656 2359 735 2392 Cum
762 2361 880 2400 spiritu
906 2362 1076 2401 paraclito.

270 2442 358 2470 Brev.
380 2444 594 2474 Lemovicense
622 2447 692 2482 imp.
714 2448 883 2474 Lemovicis
908 2446 991 2475 1495.
1015 2464 1051 2467 ——
1073 2450 1139 2483 Vgrl.
1162 2450 1217 2477 den
1240 2450 1378 2485 Hymnus
1399 2452 1536 2487 gleichen

191 2479 330 2518 Anfangs
351 2483 405 2510 auf
422 2483 479 2528 den
500 2483 540 2512 hl.
565 2485 683 2513 Blasius
706 2486 794 2514 Anal.
816 2487 931 2520 XXIII,
952 2485 998 2515 88.
