1653 2656
137 225 171 256 5.
199 220 332 264 Georgii
359 225 534 257 virtutibus

198 271 266 304 Piis
292 281 331 304 ac
356 274 477 305 sanctis
504 275 655 315 precibus

198 319 266 352 Nos
292 321 398 353 solvat
423 331 506 354 nexu
534 323 676 355 criminis

199 367 342 402 Consors
362 371 500 410 paterni
526 371 663 404 luminis

134 466 165 498 6.
192 461 231 498 In
256 465 326 497 eius
352 475 436 497 nunc
462 468 636 507 praeconia

195 513 351 554 Linguam
379 514 486 546 solvat
511 516 660 555 ecclesia,

194 561 239 594 Et
265 571 284 593 a
311 562 432 593 sanctis
459 563 630 604 spiritibus

195 609 346 642 Exsultet
372 610 499 642 caelum
526 612 691 645 laudibus.

674 129 937 165 -157—

134 707 166 740 7.
193 704 338 740 Vincens
365 712 527 740 tormenta
553 709 660 740 omnia
832 710 885 741 10.
914 708 1026 741 Gloria
1050 709 1120 747 tibi,
1151 709 1294 750 Domine,

193 755 325 787 Transit
353 756 394 787 ad
422 756 503 788 caeli
530 757 658 796 gaudia,
913 758 973 796 Qui
1001 757 1169 788 surrexisti
1196 757 1309 793 libere,

193 803 398 836 Commutant
424 805 534 836 mundi
561 814 678 845 aspera

193 851 339 884 Aeterna
367 851 491 885 Christi
516 862 666 886 munera.
911 853 1018 885 Beata
1044 853 1136 885 nubis
1162 853 1299 894 gaudia.

209 948 320 983 Hymn.
343 957 395 975 ms.
419 949 448 975 S.
471 949 550 975 Petri
573 949 660 975 Mart.
685 948 804 975 Utineu.
827 956 904 974 saec.
928 947 972 975 16.
995 948 1065 975 Cod.
1088 949 1175 975 Civit.
1192 947 1311 975 Utinen.
1335 957 1356 973 s.

135 986 157 1021 1,
181 985 198 1014 3
220 995 370 1014 sucarenS.
394 1001 429 1005 -
453 985 479 1018 6,
502 985 520 1013 2
542 987 668 1021 Lingua.
693 1000 727 1004 —
753 985 778 1019 7,
801 984 819 1012 3
841 985 1017 1013 Commutat.

266 1745 321 1777 10.

267 1988 320 2020 15.

262 2233 319 2265 20.

198 2426 332 2454 Process.
355 2433 407 2452 rns.
426 2423 615 2450 Londinense
637 2431 705 2450 ann.
723 2418 923 2450 1413—1422.
942 2421 1013 2449 Cod.
1028 2421 1172 2449 Oxonieu.
1189 2421 1254 2448 Lat.
1271 2420 1328 2447 Lit.

569 1158 636 1188 264.
680 1156 721 1187 De
742 1158 852 1187 saneto
875 1155 1020 1195 Georgia.

612 1217 664 1244 Ad
687 1218 992 1244 Processionem.

350 1307 457 1348 Salve,
485 1306 568 1338 festa
597 1306 677 1346 dies,
704 1309 772 1337 toto
800 1304 995 1336 venerabilis
1022 1313 1112 1343 aevo,

397 1356 467 1396 Qua
493 1355 581 1396 pugil
609 1354 789 1394 Anglorum
815 1354 933 1393 migrat
959 1352 999 1384 ab
1026 1352 1104 1384 orbe
1131 1353 1217 1393 polo.

349 1404 446 1446 Ecce,
475 1407 586 1444 patent
614 1402 684 1434 orbi
707 1402 875 1434 sollemnia
902 1400 986 1433 festa
1013 1401 1142 1441 Georgi,

398 1452 556 1491 Martyris
582 1451 717 1491 insignis
743 1450 923 1490 militiaque
950 1454 1075 1490 potens.

353 1501 452 1540 Virgo
480 1504 674 1532 reservatur.
702 1499 814 1539 ingens
843 1499 942 1530 draco
964 1502 1070 1537 morte
1098 1502 1231 1529 necatur

397 1549 554 1588 Martyris
581 1548 690 1581 eximii
717 1547 946 1588 praesidioque
974 1546 1044 1578 Dei.

348 1599 429 1636 Rex,
457 1597 580 1638 regina,
609 1597 720 1628 domus
748 1605 804 1628 sua
831 1604 924 1627 sacro
952 1593 1039 1626 fonte
1067 1595 1216 1626 levantur

398 1647 498 1686 Inque
522 1646 624 1677 Deum
653 1645 789 1676 credunt
817 1645 906 1675 milia
930 1643 1070 1683 quinque
1098 1644 1211 1674 virum.

346 1696 372 1728 Ο
399 1695 488 1735 pugil
515 1694 705 1735 Anglorum.
733 1703 840 1734 pugna
866 1702 936 1724 cum
968 1690 1071 1723 forma
1099 1692 1251 1732 virorum,

401 1743 605 1784 prospiciens
634 1741 763 1774 famulis
789 1750 918 1782 semper
944 1741 1057 1773 adesto
1084 1741 1158 1773 tuis.

349 1792 509 1825 Henricus
534 1792 676 1832 quintus,
706 1799 761 1822 rex
788 1790 924 1831 Anglus‚
952 1794 981 1821 et
1009 1790 1128 1830 Anglia
1154 1793 1223 1822 tota

393 1841 518 1881 Regnet
544 1849 625 1881 pace
649 1839 709 1872 Dei
736 1839 854 1880 gaudia
880 1839 970 1879 pacis
997 1838 1130 1871 habens.

345 1890 461 1931 Anglis
488 1888 688 1929 Francisque
715 1897 778 1929 pax
806 1896 924 1929 perpes
953 1888 1046 1919 detur
1072 1886 1201 1927 ubique,

394 1938 550 1978 Martyris
578 1938 610 1969 in
638 1937 738 1969 iubilo
764 1937 834 1969 laus
862 1936 934 1978 tibi,
962 1936 1101 1977 Christe,
1128 1936 1208 1967 Deo.

350 1987 464 2020 Gloria
491 1987 531 2018 sit
559 1987 644 2028 patri
673 1986 821 2027 prolique
848 1985 1041 2026 spirituique

394 2036 557 2076 Lausque,
585 2035 703 2075 Maria,
731 2034 790 2066 tibi
819 2034 861 2066 sit
887 2034 1053 2074 pugilique
1079 2037 1145 2067 tuo.

343 2086 444 2117 Astus
472 2085 673 2116 Francorum
696 2083 812 2124 sopito,
841 2082 936 2115 beate
963 2082 1093 2122 Georgi,

393 2133 442 2165 Ne
469 2136 606 2165 noceant
631 2132 747 2173 Anglis
773 2140 853 2163 neve
878 2139 995 2162 nocere
1022 2131 1131 2162 velint.

342 2181 511 2214 Laudibus
538 2182 704 2213 immensis
732 2180 869 2212 iubilant
898 2179 957 2210 tibi
985 2179 1243 2221 Londonienses‚

396 2230 445 2262 Tu
472 2239 542 2262 cum
570 2232 673 2261 matre
700 2228 761 2260 Dei
787 2228 986 2260 subveniatis
1011 2228 1068 2259 eis.

343 2280 428 2312 Pace
454 2277 672 2310 reformentur
698 2277 798 2316 Angli
825 2276 1018 2316 Francique,
1043 2280 1077 2308 ut
1103 2277 1136 2308 in
1163 2285 1278 2308 aevum

393 2327 572 2360 Alterutris
598 2329 727 2358 maneat
754 2326 966 2357 intemeratus
993 2334 1093 2357 amor.

117 2465 272 2493 Abschrift
292 2473 353 2492 von
373 2464 446 2492 Rev.
470 2462 510 2490 H.
531 2462 571 2490 M.
594 2462 764 2490 Bannister.

862 228 894 260 8.
922 223 1005 261 Sunt
1031 227 1135 259 sancti
1162 227 1222 259 Dei
1249 226 1396 264 humiles,

920 276 965 308 Ut
990 276 1210 315 perducantur
1236 275 1370 315 habiles,

926 323 996 355 Non
1022 324 1153 364 superbi
1180 333 1238 355 nec
1264 323 1377 363 invidi,

922 371 978 404 Ad
1005 382 1117 404 cenam
1146 373 1224 413 osmi
1242 370 1385 412 providi.

856 469 888 503 9.
914 469 1121 508 Quaesumus,
1152 473 1264 500 auctor
1291 467 1441 508 omnium,

918 516 977 548 Per
1004 517 1156 556 martyris
1184 515 1369 555 suffragium

918 564 968 596 Sis
993 565 1025 596 in
1052 565 1198 604 paschali
1225 564 1353 606 gaudio,

916 613 1002 651 Iesu,
1031 616 1142 644 nostra
1170 612 1358 652 redemptio.

913 805 1085 846 Rogamus,
1114 809 1259 845 praestes
1286 804 1429 845 praemia

1379 957 1406 974 11.
1424 964 1458 967 —

1351 2418 1458 2447 87.-
