1653 2656
603 238 648 268 36.
689 236 825 268 Sabbato
846 235 878 266 in
899 233 1024 265 l'almis.

689 306 738 333 Ad
765 306 959 340 Vesperas.

165 398 196 430 1.
225 397 335 429 Crucis
363 397 481 427 instant
507 395 685 435 sollemnia,
855 394 887 425 3.
915 391 1084 430 Sanguinis
1107 389 1208 421 fluens
1233 389 1355 422 undula

224 441 402 487 Pa[n]dunt
428 443 603 482 redemptis
629 442 775 481 gratiam,
915 439 1011 472 Lavit
1036 438 1147 469 mundi
1172 437 1310 479 piacula,

224 493 311 532 Quae
337 491 398 522 fuit
424 491 624 522 morientium
913 488 1038 527 Aquam
1066 485 1150 517 fudit
1175 495 1234 525 pro
1260 485 1390 516 lavacro

224 540 327 578 Salus,
355 539 421 570 vita
447 538 630 570 viventium.
914 536 1050 568 Carnem
1077 533 1209 565 tradens
1234 533 1267 564 in
1292 531 1423 572 pabulo.

167 628 198 658 2.
226 625 360 664 Lignum
388 623 603 655 conscendens
629 622 724 662 pretii
855 624 886 654 4.
915 620 1015 660 Crux,
1042 620 1128 651 salus
1155 623 1186 650 et
1213 617 1383 658 refugium,

226 673 372 704 Exclusit
398 671 516 704 crimen
544 670 645 709 vetiti,
913 669 993 708 Spes
1019 672 1130 700 nostra
1155 671 1187 698 et
1212 666 1422 707 praesidium,

227 720 280 752 Sic
305 729 362 751 sua
389 724 490 751 morte
516 718 661 758 vivimus,
913 718 942 748 A
968 720 1070 747 morte
1095 715 1185 747 salva
1211 714 1334 754 duplici

226 768 354 800 Viventi
381 767 647 807 conresurgimus
913 765 1023 796 Merce
1049 763 1209 804 quaesitos
1235 761 1411 802 sauguinis.

549 856 579 886 5.
607 852 751 893 Simplici
777 852 861 883 trino
887 851 1023 882 Domino

607 900 656 932 Sit
681 900 749 931 laus
776 904 807 930 et
832 899 990 936 iubilatio,

609 948 674 979 Nos
701 947 844 979 condidit
872 947 1045 978 aeternitas

610 996 716 1033 Cuius,
745 995 879 1026 redemit
909 994 1037 1026 caritas.

243 1083 386 1116 Hymnar.
415 1091 467 1107 ms.
497 1081 640 1107 ssobiense
669 1089 743 1106 saec.
767 1079 810 1106 11.
835 1079 903 1106 Cod.
927 1079 1020 1106 Vatic.
1045 1076 1128 1105 5776.
1153 1094 1187 1097 —
1213 1077 1234 1111 l,
1256 1075 1274 1104 2
1301 1077 1427 1104 Paduut.
1453 1090 1491 1095 —

172 1120 198 1150 4,
221 1119 239 1147 4
260 1120 382 1147 Merces.
404 1135 439 1139 —
463 1119 610 1148 ..sabbato
633 1120 663 1145 in
685 1119 801 1145 Palmas
823 1118 859 1144 ad
881 1117 1069 1152 Vesper-um.“

646 1259 691 1289 37.
732 1258 869 1289 sabbato
891 1258 1014 1288 Saneto.

384 1351 412 1382 1.
440 1350 529 1381 Haec
553 1353 601 1380 est
628 1349 715 1380 clara
739 1349 819 1386 dies,
848 1348 1005 1379 elatarum
1032 1348 1118 1378 clara
1146 1347 1279 1387 dierum,

440 1398 529 1429 Haec
555 1400 603 1428 est
628 1400 739 1428 sancta
765 1396 844 1435 dies,
872 1400 1054 1427 sanctarum
1081 1400 1191 1426 sancta
1217 1394 1354 1433 dierum,

440 1445 555 1476 Nobile
581 1444 718 1476 nobilius
745 1444 879 1475 rutilans
906 1443 1052 1474 diadema
1079 1443 1223 1481 dierum;

381 1532 411 1564 2.
440 1532 534 1568 Ecce,
563 1530 630 1561 dies
655 1533 721 1560 toto
747 1529 859 1560 rutilat
884 1527 1029 1559 festivior
1051 1538 1144 1569 anno,

440 1579 506 1617 Qua
533 1578 619 1609 Deus
645 1578 844 1616 omnipotens
871 1580 1022 1616 superata
1046 1580 1147 1607 morte
1173 1584 1342 1617 resurgens

440 1626 551 1657 Traxit
579 1625 618 1657 ab
644 1624 778 1656 infernis
805 1628 971 1663 captorum
995 1623 1082 1655 mille
1108 1625 1265 1657 cavernis,

387 1713 418 1745 3.
446 1711 590 1750 Namque
617 1714 746 1742 nostrae
771 1710 879 1742 abiere

442 1760 549 1798 Atque
575 1759 679 1790 Iesum
704 1758 843 1789 invisere

442 1807 529 1838 Caeli
555 1807 642 1837 cives
671 1806 780 1838 dicunt
805 1806 894 1837 illum
923 1806 1026 1837 vivum
1053 1806 1115 1836 iam
1143 1814 1287 1846 regnare.

250 1892 336 1928 Trop.
366 1901 418 1918 mS.
449 1893 630 1919 Nivernense
659 1900 734 1918 saec.
758 1889 802 1918 12.
825 1890 892 1917 cod.
916 1891 1044 1917 Parisin.
1066 1891 1159 1918 Nouv.
1189 1899 1252 1926 aeq.
1276 1888 1358 1918 1235.
1380 1906 1416 1910 —
1439 1893 1491 1924 „In

174 1931 269 1958 reditu
297 1930 454 1963 fontium,“
488 1931 550 1957 also
579 1931 627 1956 ein
654 1929 978 1964 Prozessionshymnus
1022 1930 1077 1956 Die
1108 1932 1203 1956 ersten
1231 1929 1293 1956 drei
1314 1930 1494 1958 Hexameter

174 1969 310 1997 kommen
336 1969 411 1996 auch
440 1970 470 1995 in
497 1969 548 1995 der
576 1969 708 2004 Liturgie
735 1968 785 1995 des
815 1968 989 1994 Eselsfestes
1018 1976 1079 1994 vor.
1126 1968 1190 2001 Vgl.
1217 1968 1302 1994 Anal.
1332 1968 1400 2001 XX,
1428 1967 1493 1996 219.

623 2119 671 2149 38.
712 2117 871 2148 Dominica
892 2117 924 2148 in
945 2117 1042 2148 Albis.

699 2189 748 2216 Ad
777 2189 972 2224 Vesperas.

179 2281 209 2312 1.
236 2279 299 2318 Qui
325 2287 395 2310 cum
422 2279 585 2318 triumpho
613 2278 734 2318 gloriae
870 2278 901 2310 2.
928 2276 1016 2307 Tuae
1042 2277 1147 2307 carnis
1173 2282 1407 2309 sacramentum

235 2327 410 2359 Surrexisti
436 2337 455 2358 a
481 2325 602 2368 funere,
927 2324 1157 2364 sanguinisque
1184 2326 1372 2365 mysterium

237 2376 274 2407 In
300 2375 393 2406 huius
419 2375 523 2407 noctis
548 2379 694 2414 tempore
927 2373 1093 2404 Adversus
1124 2374 1247 2404 hostem
1273 2374 1426 2407 callidum

238 2423 353 2456 Custos
379 2427 447 2455 esto
473 2423 576 2462 nobis,
603 2422 740 2454 Christe.
926 2421 1109 2453 Exhibeant
1135 2422 1344 2462 praesidium.
