1653 2656
717 159 978 194 -166—

195 268 223 299 3.
254 264 364 296 Puella
390 263 491 302 stirpe
517 261 604 300 regia
881 260 914 289 4.
941 255 1040 287 Trino
1067 254 1136 286 Deo
1161 253 1204 284 sit
1228 251 1340 292 gloria.

252 312 347 344 Claro
375 311 447 342 duci
474 308 625 342 Poloniae
943 303 1003 342 Qui
1028 302 1185 342 Advigem
1213 298 1380 340 glorificat,

255 359 430 399 Copulatur
456 357 592 397 egregia,
941 351 1001 391 Qui
1027 350 1119 382 nobis
1146 349 1243 381 donet
1268 346 1422 389 praemia,

254 407 308 438 Fit
334 415 450 446 sponsa
474 405 541 444 regi
569 404 700 444 gloriae.
939 401 1024 440 Quos
1051 400 1166 431 festum
1194 397 1254 428 hoc
1279 393 1443 428 laetificat.

272 507 393 533 collect.
415 514 467 532 ms,
489 504 674 532 Constantini
699 501 831 529 Caietani
853 508 928 527 saec.
954 497 996 526 17.
1018 498 1091 526 Cod.
1113 495 1307 524 Alexandria.
1327 493 1374 522 95.

622 653 682 684 281.
725 653 766 683 De
787 654 898 683 sancta
920 649 1082 690 fledwige.

696 727 747 754 Ad
774 727 799 753 N
811 730 1008 753 octui·num.

201 825 229 856 1.
258 821 386 854 Crebris
412 821 511 860 pollet
540 821 673 853 Polonia
884 819 916 850 2.
945 818 1045 849 Rotae
1072 825 1214 856 pressum
1242 814 1410 854 vertigine,

258 870 356 901 Ducis
384 877 458 900 suae
483 868 655 901 miraculis,
903 886 906 890 -
945 865 1098 897 Necatum
1127 863 1326 896 horribiliter

259 917 355 950 Cuius
381 925 497 956 praeco
523 916 693 956 praeconia
944 913 1036 944 Vitae
1062 912 1172 944 reddit
1199 911 1346 942 callicine

261 965 378 996 Christi
404 968 559 995 monstrat
586 963 750 1003 prodigiis.
946 961 1074 992 Sernota
1099 959 1299 991 mirabiliter.

599 1065 629 1095 3.
657 1063 756 1094 Trino
781 1062 850 1093 Deo
876 1062 917 1093 sit
943 1061 1053 1101 gloria.

279 1164 399 1190 Collect.
422 1172 474 1189 ms.
497 1161 835 1192 ConstantinHCaietani
857 1168 932 1186 saec.
957 1158 999 1187 17.
1022 1159 1093 1186 Cod.
1109 1157 1298 1185 Alexandrin.
1321 1156 1366 1184 95.

627 1312 696 1341 282.
738 1310 779 1340 De
801 1312 910 1340 sancta
931 1309 1089 1348 fledwige.

748 1385 797 1411 Ad
825 1384 979 1411 Laudes.

208 1480 237 1512 l.
267 1479 446 1509 Laudemus
474 1487 542 1508 cum
570 1477 693 1509 laetitia
891 1477 922 1508 2.
950 1476 1096 1514 Advigis,
1123 1474 1314 1506 admirabile

267 1526 386 1558 Summi
412 1526 495 1565 regis
522 1525 733 1566 clementiam,
950 1523 1125 1563 Religionis
1152 1523 1329 1559 speculum,

268 1574 327 1612 Qui
354 1573 463 1613 procul
490 1573 579 1612 pellit
607 1573 694 1608 vitia,
952 1571 1038 1610 Opus
1065 1571 1128 1610 egit
1154 1569 1318 1601 laudabile

268 1621 413 1652 Infundit
438 1625 469 1652 et
496 1621 549 1652 dat
576 1620 722 1660 gratiam,
951 1619 1063 1650 Vitans
1090 1618 1224 1649 mortale
1249 1618 1424 1651 saeculum.

623 1722 654 1754 3.
682 1720 780 1752 Trino
805 1720 874 1751 Deo
900 1720 940 1750 sit
967 1719 1079 1759 gloria.

288 1821 407 1848 Collect.
428 1830 479 1846 ms.
503 1820 689 1847 Constantini
711 1818 845 1846 Caietani
867 1827 942 1846 saec.
966 1817 1008 1845 17.
1031 1818 1100 1845 eod.
1122 1818 1310 1845 Alexandrin.
1333 1817 1379 1845 95.

648 1969 714 2000 283.
756 1969 799 2000 De
820 1971 931 1999 sancta
951 1968 1078 2000 Helena.

215 2070 244 2100 1.
273 2067 395 2103 Gaude,
423 2070 525 2097 mater
551 2065 697 2106 ecclesia,
899 2065 930 2098 3.
958 2064 1161 2103 comperitur
1186 2064 1293 2107 ludas,
1321 2064 1428 2098 frater

275 2115 389 2154 Fulget
417 2114 484 2145 dies
511 2113 654 2153 egregius
959 2112 1213 2153 Protomartyris
1239 2112 1406 2153 Stephani,

274 2163 428 2200 Helenae,
455 2166 584 2193 sanctae
610 2161 748 2202 reginae,
958 2159 1090 2191 Secreto
1115 2161 1217 2200 patris
1242 2162 1365 2193 monitu

274 2212 387 2243 Almae
414 2210 515 2242 crucis
539 2209 737 2241 inventricis.
958 2207 1061 2239 Invite
1084 2208 1187 2240 locum
1215 2209 1451 2244 demonstrans

217 2315 249 2346 2.
275 2312 365 2344 Adiit
393 2311 606 2351 lerosolymas
902 2312 934 2342 4.
964 2309 1059 2341 ludas
1085 2309 1196 2342 orabat
1224 2310 1394 2343 Dominum

278 2360 401 2391 Helena
426 2367 552 2391 erucem
578 2366 740 2399 quaerere,
962 2356 1192 2390 Demonstrare
1217 2358 1279 2390 sibi
1305 2360 1428 2402 locum3

278 2409 482 2449 Congregans
507 2407 642 2439 Iudaeos
666 2405 739 2446 fari,
962 2405 1141 2445 Egrediens
1166 2412 1342 2439 aromatum

279 2457 343 2490 Ubi
369 2457 447 2488 latet
473 2456 592 2496 lignum
619 2454 733 2486 crucis
962 2453 1092 2494 FumuS‚
1120 2455 1217 2488 Iudas
1242 2456 1345 2489 laetus
1371 2462 1491 2499 stupet.
