1653 2656
692 116 928 152 -61—

521 213 553 246 3.
580 213 697 253 Maria,
724 202 833 246 mater‘
853 215 988 256 gratiae,

582 262 689 294 Mater
713 262 965 301 misericordiae,

579 311 628 343 Tu
654 320 710 343 nos
736 311 776 343 ab
804 311 894 343 hoste
920 316 1053 352 protege

581 359 625 391 Et
648 359 729 392 hora
753 360 865 391 mortis
891 360 1029 401 suscipe.

225 453 313 480 Brev.
337 452 368 480 S.
389 453 493 482 Crucis
515 455 542 482 b.
563 454 702 482 Leufredi
724 456 794 491 imp.
816 465 837 482 s.
860 454 878 482 l.
900 459 930 484 et
949 465 976 483 a.
997 454 1107 493 [1544]

598 615 645 646 99.
689 615 729 646 De
752 616 847 647 beata
869 617 970 648 Maria
993 618 1026 649 V.

694 687 744 713 Ad
774 687 930 715 Scxtam.

146 771 179 804 1.
207 771 292 803 Nate
317 781 438 804 summe
464 782 521 805 rex
546 778 638 805 utero
831 776 864 808 2.
891 775 952 806 Dei
978 780 1090 816 mater,
1117 786 1135 808 o
1162 777 1302 818 domina,

207 820 333 853 Mariae
359 821 400 853 de
426 821 580 863 virgineo,
892 823 1044 856 Sublimis
1071 828 1161 856 tanta
1185 825 1299 865 gratia,

207 868 356 901 Emunda
381 879 438 901 nos
464 879 483 901 a
507 869 585 902 vitio
890 871 960 903 Tua
985 870 1037 903 fac
1063 873 1216 904 exaltatio

204 916 247 948 Et
271 926 351 949 orna
375 917 496 949 sanctis
521 918 654 952 meritis.
891 919 939 950 Sit
965 923 1076 951 nostra
1102 921 1266 955 relevatio,

518 1015 549 1046 3.
576 1014 692 1056 Maria,
720 1018 822 1045 mater
847 1015 983 1055 gratiae,

576 1062 684 1093 Mater
707 1062 955 1102 misericordiat‚

575 1109 624 1141 Tu
650 1118 707 1141 nos
734 1109 774 1141 ab
801 1110 891 1142 hoste
917 1116 1051 1151 protege

574 1157 618 1189 Et
641 1157 719 1190 hora
746 1158 858 1190 mortis
885 1159 1024 1208 suscipte.

220 1253 305 1280 Brev.
327 1252 358 1280 S.
379 1252 483 1280 Crucis
505 1252 532 1279 b.
551 1253 690 1280 Leufredi
711 1254 780 1289 imp.
803 1263 824 1280 s.
847 1254 865 1280 l.
888 1257 917 1281 et
938 1263 964 1281 a.
986 1252 1096 1290 [1544].

586 1414 649 1445 100.
691 1415 733 1446 De
754 1415 850 1446 beata
871 1415 972 1447 Maria
995 1417 1028 1447 V.

718 1486 768 1513 Ad
796 1487 949 1515 Nonam.

143 1570 172 1605 l.
197 1571 264 1603 Fili
290 1571 415 1604 Mariae
442 1573 584 1613 virginis„
834 1577 864 1608 2.
892 1577 989 1608 Cuius
1016 1585 1049 1608 es
1076 1575 1191 1617 factus,
1219 1578 1304 1611 filius

199 1619 250 1651 Da
275 1619 368 1652 nobis
394 1621 462 1652 eius
488 1622 612 1654 meritis
893 1624 964 1664 Dei,
992 1635 1051 1665 pro
1077 1627 1312 1669 peccatoribus,

197 1668 228 1700 A
255 1674 391 1708 peccato
417 1678 586 1709 resurgere
890 1673 979 1704 Haec
1005 1674 1059 1713 qui
1086 1674 1149 1706 fide
1174 1677 1397 1718 pronuntiant,

197 1716 241 1748 Et
265 1716 307 1749 ad
334 1717 433 1750 vitam
459 1719 655 1759 pertingere.
890 1721 956 1753 Fac
982 1726 1017 1753 ut
1042 1723 1176 1757 salutem
1204 1725 1356 1758 sentiant.

510 1807 541 1839 3.
570 1806 687 1846 Man'a,
715 1812 818 1839 mater
843 1809 976 1850 gratiae,

570 1855 678 1887 Mater
704 1856 956 1898 misericordiae,

569 1903 618 1936 Tu
644 1914 702 1936 nos
727 1904 768 1936 ab
795 1904 887 1936 hoste
913 1910 1046 1945 protege

570 1952 613 1984 Et
639 1952 718 1984 hora
744 1953 856 1985 mortis
883 1954 1023 1994 suscipe.

211 2049 298 2076 Brev.
320 2048 350 2076 S.
374 2049 478 2076 Crucis
500 2052 529 2077 et
549 2050 577 2077 b.
599 2049 739 2077 Leufredi
760 2051 830 2086 imp.
852 2059 874 2077 s.
897 2050 915 2077 l.
941 2055 969 2078 et
990 2059 1016 2078 a.
1038 2049 1149 2088 [1544]

584 2212 642 2244 101.
685 2213 728 2244 De
749 2213 845 2244 beata
866 2211 969 2243 Maria
991 2213 1026 2243 V.

402 2294 434 2327 1.
461 2293 534 2326 Sint
559 2294 692 2326 salutati
719 2297 817 2334 caput
842 2297 874 2325 et
901 2294 1022 2335 capilli,

461 2341 577 2378 Frons.
605 2351 716 2383 genae,
740 2343 861 2383 cervix,
893 2342 987 2381 oculi,
1015 2343 1132 2383 pupilli

461 2390 505 2422 Et
531 2391 621 2423 color
646 2391 764 2433 vultus,
791 2391 938 2432 genetrix
964 2391 1116 2430 tonantis,

607 2439 728 2472 Guttur
753 2442 786 2471 et
811 2449 879 2472 ora.
