1653 2656
742 163 785 168 —
837 144 1003 180 293—

201 227 237 259 5.
263 227 378 261 Monet
405 241 498 274 pura,
525 236 586 268 scit
612 236 721 271 futura
899 244 929 278 7.
957 244 1055 277 Sanat
1081 247 1218 290 morbos,
1246 251 1338 290 aptat
1363 252 1482 289 torvos,

313 277 404 310 Sicut
429 282 590 323 propheta
615 288 811 331 praesciens,
1005 293 1132 327 Devota
1157 295 1194 328 fit
1219 297 1369 338 ostensio,

262 325 359 366 Fugit
383 333 487 362 metus
511 333 604 365 audit
630 339 749 378 coetus,
956 340 1058 373 Orant
1083 343 1163 383 sani,
1192 345 1302 377 dicunt
1328 346 1415 378 cani:

311 375 452 409 Verbum
472 388 653 420 supernum
666 385 835 424 prodiens.
1003 389 1091 431 Iesu,
1116 395 1230 425 nostra
1255 394 1442 434 redemptio.

195 469 230 501 6.
256 469 365 502 Mutat
390 478 504 514 sortes,
534 483 649 518 purgat
675 481 787 513 sordes
893 485 925 517 8.
951 486 1028 524 Quis
1054 496 1116 518 non
1143 489 1258 530 credit,
1286 499 1357 521 cum
1382 492 1510 523 accedit

309 519 458 554 Virorum
487 524 750 568 delinquentium,
1006 534 1152 567 Videndo
1179 537 1350 580 mirabilia,

256 566 382 600 Umbra
408 575 506 614 caret,
536 576 658 606 cunctis
686 577 797 617 claret,
952 581 1074 614 Errans
1100 585 1196 624 redit,
1222 595 1284 617 nox
1311 587 1444 620 recedit.

302 615 390 656 Iesu,
420 619 476 651 lux
502 630 578 653 vera
602 625 771 660 mentium.
998 630 1083 672 Lux,
1113 641 1190 673 ecce,
1218 635 1323 674 sumit
1348 645 1462 669 aurea.

499 719 530 750 9.
561 719 664 761 Unde,
693 731 835 762 praeses,
864 724 926 755 duc
952 726 993 757 ad
1019 727 1116 758 aedes

614 769 748 801 Paratos
774 770 837 802 iam
865 772 1038 814 divinitus;

567 815 684 847 Vocem
709 818 831 861 demus,
859 830 916 851 nos
941 821 1131 855 clamemus:

617 864 707 903 Veni,
736 870 862 899 creator
885 869 1033 908 spiritus.

266 953 387 980 Colleet.
412 964 463 981 ms.
489 956 646 986 Ticinense
666 960 701 992 (Υ)
722 969 797 988 saen.
822 961 866 990 15.
889 964 960 991 Cod.
983 966 1106 993 Roman.
1132 967 1205 996 1300
1225 970 1350 999 (ὅρμον.
1372 970 1447 1000 343).

615 1119 683 1150 493.
725 1120 767 1151 De
789 1124 898 1153 sancto
920 1123 1088 1156 Theodoro.

668 1185 719 1211 Ad
743 1186 850 1221 Vesp.
874 1191 910 1215 et
933 1190 1039 1217 Noct.

185 1266 214 1298 1.
242 1267 395 1300 Exsultet
420 1271 537 1302 mentis
563 1271 663 1303 iubilo
878 1277 910 1309 4.
940 1276 1119 1318 Suspensus
1144 1281 1175 1312 in
1203 1283 1359 1321 patibulo

241 1315 340 1348 Sacer
366 1317 482 1350 chorus
509 1318 662 1362 fidelium,
939 1325 1120 1359 Dilaniatus
1148 1338 1292 1370 corpore

243 1364 325 1396 Nam
353 1367 505 1407 martyris
532 1369 702 1401 sollemnia
939 1373 1029 1406 Nihil
1056 1378 1154 1408 sentit
1182 1380 1352 1422 supplicia,

238 1412 327 1444 Anni
354 1415 484 1446 reduxit
509 1416 626 1450 orbita.
937 1421 1001 1454 Sed
1030 1423 1191 1457 benedicit
1218 1427 1399 1463 Dominum.

177 1509 209 1540 2.
238 1509 301 1540 Hic
327 1511 430 1542 minas
456 1513 579 1551 spernit
607 1514 748 1546 iudicum
872 1519 904 1550 5.
931 1518 1035 1551 Huius
1061 1525 1095 1551 tu
1122 1523 1243 1554 sanctis
1269 1526 1422 1564 precibus

236 1557 410 1591 Tormenta
438 1561 518 1591 nihil
545 1566 698 1604 metuens,
932 1567 1108 1610 Exstingue
1136 1572 1241 1603 carnis
1269 1574 1358 1613 vitia,

235 1605 298 1637 Hic
324 1611 356 1638 et
382 1617 442 1648 pro
469 1608 590 1641 Christi
616 1612 719 1651 gloria
928 1615 986 1654 Qui
1014 1627 1074 1657 pro
1101 1622 1142 1659 te,
1173 1629 1228 1653 rex
1253 1622 1406 1664 piissime,

236 1654 422 1688 Combussit
446 1658 568 1698 templa
595 1659 769 1693 daemonis.
929 1664 1016 1704 Ignis
1044 1667 1121 1699 vicit
1146 1668 1307 1703 incendia.

172 1752 206 1783 3.
237 1751 332 1783 Hunc
351 1753 499 1786 Christus
525 1765 679 1795 praesens
698 1757 807 1790 visitat
869 1762 900 1793 6.
930 1762 1025 1805 Laus,
1053 1765 1164 1803 honor,
1193 1767 1306 1810 virtus,
1335 1770 1438 1810 gloria

232 1799 354 1833 Oscuro
382 1801 523 1834 clausum
552 1813 692 1848 carcere,
927 1810 996 1842 Deo
1022 1814 1108 1852 patri
1135 1820 1166 1845 et
1192 1815 1259 1848 filio

232 1848 373 1881 Caelesti
401 1851 487 1883 cibat
513 1853 643 1894 pabulo,
928 1859 1000 1892 Una
1027 1871 1097 1893 cum
1125 1868 1236 1896 sancto
1262 1867 1380 1905 spiritu

231 1897 354 1930 Chorus
381 1900 475 1932 adest
500 1902 675 1941 angelicus.
927 1909 963 1940 In
991 1912 1187 1950 sempiterna
1214 1915 1353 1949 saecula.

241 1994 346 2022 Officia
369 2000 538 2024 sanctorum
561 2002 753 2035 patronorum
776 2002 919 2032 ecclesiae
942 2006 1157 2036 Brundusinae.
1180 2010 1291 2038 Romae
1317 2010 1398 2041 1583.

580 2162 651 2194 494.
692 2163 734 2194 De
757 2167 866 2197 saneto
887 2166 1055 2200 Theodoro.

713 2230 765 2258 Ad
791 2232 948 2261 Laudes.

155 2312 188 2347 1.
213 2312 354 2352 Magnae
381 2314 450 2346 dies
476 2315 620 2349 laetitiae
853 2323 884 2353 2.
914 2323 977 2354 Pro
1002 2323 1121 2357 Christi
1149 2325 1213 2359 fide
1240 2332 1374 2370 pertulit

214 2360 318 2393 Nobis
343 2362 453 2394 illuxit
479 2363 587 2404 hodie,
912 2371 994 2404 Dira
1019 2382 1196 2412 poenarum
1221 2387 1349 2423 genera,

213 2409 284 2448 Qua
310 2410 434 2443 Christi
461 2415 587 2454 martyr
611 2415 742 2448 inclitus
912 2419 975 2452 Pro
1002 2422 1117 2462 quibus
1143 2423 1176 2456 in
1203 2428 1397 2463 caelestibus

211 2458 372 2491 Ascendit
395 2459 437 2492 ad
464 2461 626 2498 caelestia.
910 2469 1017 2501 Vitam
1045 2480 1220 2511 perennem
1246 2478 1403 2517 possidet
