1653 2656
709 97 946 132 -55-

537 254 583 285 85.
624 253 658 284 ln
679 248 894 282 ‘transfixione
916 247 1034 278 Beatao
1056 244 1119 275 MV.

697 322 711 349 I
719 331 739 348 n
763 321 788 348 L
797 328 840 347 au
848 318 883 346 di
892 318 910 345 b
919 326 939 344 u
947 326 970 344 s.

169 419 200 450 1.
229 417 254 450 Ο
281 416 423 457 gloriosa
449 413 589 451 domina,
863 407 895 439 3.
923 405 972 437 Tu
998 404 1102 435 crucis
1129 403 1210 434 dura
1236 401 1369 433 brachia

229 464 399 498 Transfixa
425 467 480 494 tua.
506 462 641 499 viscera,
924 454 966 485 Et
993 453 1158 484 vulnerum
1186 449 1345 482 foramina

231 514 327 546 Nunc
348 512 450 544 facias
477 509 654 550 propitium
926 501 1044 533 Vidisti
1071 509 1145 531 vere
1169 499 1307 539 pavide3

232 563 338 594 lesum
363 561 498 592 salutem
525 557 677 590 omnium.
925 550 1045 582 Gentes
1072 553 1224 588 astantes,
1253 546 1415 586 plangite!

173 660 205 692 2.
234 658 325 698 Quod
351 657 454 688 iustus
481 654 556 687 olim
584 652 701 684 cecinit
865 649 896 680 4.
925 646 1037 677 Gloria
1063 644 1132 683 tibi,
1161 643 1306 679 Domine,

234 708 272 739 In
298 705 429 745 templo,
457 707 534 734 tunc
559 712 622 733 non
651 698 764 738 defuit,
925 694 1066 726 Matrem
1092 693 1144 732 qui
1174 691 1263 723 vides
1291 690 1403 722 nitide.

229 755 298 787 Tua
324 753 510 794 pertingens
536 751 650 781 intima
926 742 1002 774 Cum
1031 745 1124 781 patre
1150 744 1181 771 et
1207 744 1318 770 sancto
1343 738 1460 778 spiritu

228 802 314 835 Dum
341 801 445 833 cernis
472 803 566 839 spata
592 797 736 828 horrida.
929 792 965 822 In
992 789 1188 828 sempiterna
1215 787 1353 818 saecula.

246 899 332 925 Brev.
358 905 411 924 ms.
437 895 625 922 Franciscani
649 892 774 925 Hispan.
801 896 877 915 saec.
910 885 952 912 15.
980 893 1024 912 ex.
1048 884 1116 910 Cud.
1140 884 1267 909 Parisin.
1299 880 1382 908 1064.
1406 881 1440 906 A.
1463 893 1499 897 ——

169 939 256 965 Brev.
278 937 405 963 Vicense
428 935 497 968 imp.
521 929 662 967 Lugduni
686 927 770 955 1557.
793 928 827 953 B.

546 1062 592 1093 86.
633 1061 667 1092 In
689 1059 769 1090 festo
792 1058 822 1088 B.
845 1055 964 1087 Mariae
986 1053 1132 1085 Pietatis.

646 1129 696 1157 Ad
725 1129 831 1163 Vesp.
862 1130 896 1153 et
926 1126 1029 1152 Noct.

172 1228 202 1260 1.
232 1225 359 1257 Chorus
387 1221 511 1254 sonoris
538 1218 671 1250 vocibus
870 1217 902 1247 5.
931 1213 1038 1245 Mater
1063 1212 1135 1242 silet
1162 1210 1326 1241 doloribus

232 1275 358 1313 pangat
386 1270 513 1303 dolores
541 1267 685 1307 virginis,
931 1261 1068 1300 Repleta
1095 1269 1153 1291 nec
1181 1257 1242 1289 fari
1269 1261 1386 1297 potest.

230 1323 327 1355 quta
355 1327 480 1351 crucem
508 1326 586 1357 quos
613 1314 748 1356 pertulit
929 1310 993 1342 Dat
1020 1309 1170 1340 lacrimas
1197 1316 1267 1337 cum
1294 1304 1431 1341 fletibus,

230 1370 389 1402 Macrone
414 1367 531 1398 mentis
558 1364 677 1396 saucia.
932 1359 1050 1391 Gestus
1078 1356 1199 1388 liabens
1226 1354 1418 1386 laudabiles.

172 1469 203 1500 2.
231 1466 327 1498 Stans
353 1465 395 1496 ad
422 1471 548 1494 crucem
576 1464 678 1492 mater
704 1459 765 1490 Dei
872 1458 903 1488 6.
932 1455 1019 1493 Ergo
1046 1454 1139 1485 decet
1165 1456 1229 1482 tam
1256 1451 1426 1489 mysticum

232 1514 397 1546 Tristatur
422 1520 541 1551 angore
567 1508 668 1549 gravi,
932 1502 1109 1542 Exemplar
1134 1501 1206 1531 imis
1233 1498 1378 1530 sensibus

234 1562 306 1594 Pati
333 1561 444 1593 volens
471 1558 652 1599 angustiam
932 1553 969 1583 In
997 1555 1101 1581 mente
1125 1548 1217 1580 firma
1244 1548 1403 1585 condere3

234 1611 312 1644 Cum
339 1610 407 1641 filio
434 1607 634 1648 dignissimo.
932 1601 1038 1640 Quare
1064 1607 1211 1637 rogemus
1237 1596 1422 1636 supplices:

175 1711 206 1742 3.
234 1707 384 1739 Tristans
413 1705 457 1736 ait
484 1708 560 1735 tunc
587 1703 670 1734 tilius
875 1700 905 1732 7.
934 1697 1052 1735 Maria,
1079 1694 1220 1727 lacrimis
1248 1694 1310 1724 tuis

234 1756 338 1788 Fixus
365 1754 453 1786 cruci
482 1751 671 1784 durissime:
935 1746 1011 1780 Fac,
1040 1754 1096 1776 nos
1123 1744 1267 1774 lavemur
1293 1741 1454 1772 sordibus.

234 1805 299 1836 Pro
326 1803 395 1835 filio
422 1802 516 1833 trado
543 1800 605 1832 Dei
934 1795 976 1827 Ut
1005 1798 1077 1834 post
1105 1792 1172 1824 dies
1200 1791 1284 1821 vitae
1312 1790 1419 1820 brevis

237 1853 356 1885 Natum
384 1851 444 1883 tibi
471 1848 643 1882 Zebedaei.
936 1843 1108 1875 Laetemur
1134 1842 1164 1872 in
1194 1838 1388 1871 caelestibus

175 1954 207 1985 4.
236 1951 262 1984 Ο
290 1953 411 1990 quanta
439 1945 646 1980 commutatio
877 1943 909 1974 8.
936 1940 961 1972 O
989 1948 1078 1978 crux,
1106 1946 1174 1978 ave,
1203 1945 1276 1975 spes
1302 1935 1405 1965 unica.

234 1999 279 2032 Et
306 2002 428 2039 quanta
454 1996 489 2028 fit
516 1993 701 2031 diversitas,
937 1988 1008 2020 Hoc
1035 1986 1193 2027 passionis
1220 1989 1377 2022 tempore,

236 2048 321 2079 Dum
350 2046 492 2079 traditur
519 2042 727 2083 domesticus,
938 2039 1030 2078 Auge
1056 2036 1118 2075 piis
1144 2033 1299 2065 iustitiam

236 2097 281 2129 Et
306 2096 458 2136 perditur
485 2102 580 2126 verus
608 2091 707 2123 Deus.
938 2086 1079 2125 Reisque
1107 2084 1191 2114 dona
1219 2081 1356 2111 veniam.

554 2192 585 2224 9.
614 2189 671 2225 Te,
699 2194 822 2218 summa
848 2183 936 2216 Deus
962 2181 1130 2218 trinitatis,

612 2235 784 2270 Collaudet
810 2232 913 2264 omnis
941 2231 1086 2272 spiritus,

610 2287 696 2326 Quos
722 2292 782 2324 per
808 2280 913 2313 erucis
941 2278 1128 2319 mysterium

614 2334 740 2370 Salvam,
767 2339 843 2372 rege
869 2338 928 2369 per
954 2327 1094 2359 saecula.

259 2438 345 2465 Brcv.
361 2436 555 2463 Xantonense
570 2432 640 2466 imp.
656 2428 785 2456 Pictavii
802 2424 885 2454 1542.
901 2439 940 2445 -—
953 2422 982 2456 4,
1003 2422 1020 2450 2
1036 2424 1083 2450 sit.
1098 2436 1136 2440 —-
1150 2420 1176 2453 6,
1195 2419 1212 2448 2
1228 2422 1300 2447 iuri<
1318 2420 1463 2446 sensibus.
1483 2434 1517 2437 —
