1653 2656
725 152 983 201 ÷122—

202 262 221 293 00

226 286 234 293 .
260 258 476 292 Maximianus
502 260 533 287 et
558 254 716 291 Malchus,

261 307 450 343 Martianus,
477 304 644 337 Iohannes,

263 354 444 394 Dionysius,
472 350 636 390 Serapion,

267 401 491 435 Constantinus
517 398 674 429 similiter.

205 512 237 542 4.
264 508 307 539 Hi
334 505 474 536 vendunt
499 501 702 542 patrimonia,

263 553 469 587 Distribuunt
494 548 700 590 pauperibus,

265 602 478 635 observantes
504 597 621 628 ieiunia

269 650 389 681 Vacant
415 644 622 677 orationihus.

212 759 243 789 5.
270 756 470 786 Accusantur
494 749 640 790 imperio,

272 802 340 833 Diis
363 800 446 832 nolle
472 798 634 830 immolare

269 848 483 887 Confectoque
510 844 641 877 consilio

271 898 387 929 Latent
412 896 444 926 in
469 898 574 925 monte
600 892 725 924 Aelion.

890 249 920 280 6.
947 245 1032 278 Exin
1058 242 1187 274 rabiens
1212 238 1331 272 Decius

949 293 1041 325 lubet
1067 289 1250 330 praedictos
1275 284 1405 326 inquiri,

950 339 1098 372 Malchus
1125 335 1270 368 minister
1294 332 1422 365 nuntiat

950 388 1040 420 Haec
1065 384 1181 416 medici
1210 381 1345 414 formam
1371 386 1518 419 sequens.

916 520 923 527 .
951 492 1046 525 Panis
1073 488 1186 521 refecti
1212 495 1271 527 per
1296 485 1401 517 cibum

951 540 1084 572 Ploraut
1109 536 1267 575 simulque
1293 532 1475 569 condolent,

953 588 1042 620 Sicut
1067 586 1136 617 Deo
1162 581 1364 622 complacuit,

954 636 991 667 In
1017 633 1152 666 ecclesia
1179 630 1350 662 dormiunt.

899 745 929 776 8.
957 742 999 774 Os
1023 740 1196 779 speluncae
1221 734 1410 771 obstruitur,

957 788 1129 821 Obstructa
1156 785 1210 817 diu
1237 784 1413 823 permanet,

952 836 1092 869 Rediens
1117 832 1265 866 Malchus
1291 830 1332 862 ad
1357 828 1468 860 urbem

956 885 1094 917 Miratur
1118 890 1187 913 esse
1213 882 1377 911 mutatam.

570 1000 603 1030 9.
631 994 811 1027 Theodosio
836 991 983 1024 nuntiant

631 1042 811 1075 Advenisse
839 1039 1065 1072 Christianum.

630 1091 715 1123 Mira
741 1089 802 1121 Dei
826 1086 1036 1128 pronuntians

636 1138 761 1171 Sanctis
789 1136 852 1168 Dei
878 1133 1091 1174 congaudens.

295 1250 376 1275 Brev.
402 1255 453 1272 ms.
475 1243 702 1270 Ambrosianum
731 1248 805 1267 saec.
832 1237 874 1265 15.
905 1236 974 1263 cod.
1002 1236 1139 1270 Borgian.
1161 1233 1190 1259 M
1214 1232 1240 1258 II
1269 1229 1315 1258 ⁵20.
1342 1243 1378 1248 —
1407 1227 1529 1255 Doxol.:

217 1288 317 1315 Gloria
339 1286 380 1312 tib
388 1286 407 1315 i,
429 1284 563 1311 Domine.

644 1420 709 1450 207.
752 1418 793 1448 De
814 1419 923 1447 sancta
948 1413 1115 1445 Dorothea.

227 1530 254 1560 1.
284 1525 466 1558 Dorotheae
493 1520 708 1553 collaudemus

332 1574 493 1605 Virtutum
520 1569 669 1608 insignia,

285 1621 398 1653 (sordis
425 1620 453 1651 ei
479 1620 718 1659 praesentemus

332 1669 375 1701 Et
401 1668 465 1699 oris
493 1665 655 1704 obsequia,

290 1718 333 1751 Ut
359 1725 415 1756 spe
442 1718 529 1746 certa
555 1711 749 1751 respiremus

335 1766 397 1797 Per
423 1763 489 1794 eius
516 1760 669 1792 subsidia.

230 1875 260 1906 2.
288 1871 384 1903 Fulta
409 1868 473 1899 fide
503 1865 667 1898 Dorothea

337 1917 481 1950 Iudicem
507 1913 690 1945 Fabricium

291 1967 362 1999 Non
389 1963 552 2004 formidat,
580 1961 636 1992 sed
662 1960 695 1991 in
721 1967 758 1990 ea

338 2014 502 2045 Firmatur
525 2009 695 2049 eloquium,

292 2062 471 2094 Insultante
497 2062 590 2099 gente
616 2065 671 2088 rea

340 2109 413 2141 Non
438 2108 548 2139 horret
574 2103 777 2144 supplicium.

237 2220 268 2251 3.
297 2215 412 2247 Verbis
438 2212 566 2245 blandis
592 2216 669 2241 tunc
695 2211 828 2239 conatur

343 2262 508 2303 Virginem
535 2259 699 2297 seducere,

297 2313 364 2344 Nec
389 2308 556 2351 promissis
581 2308 752 2346 superatur

346 2359 414 2391 Nec
440 2360 580 2389 terretur
605 2353 750 2390 verbere,

299 2407 518 2447 Compeditur,
545 2403 732 2436 obserratur

348 2457 465 2489 Taetro
491 2453 598 2485 clausa
626 2457 765 2482 carcere.

910 1515 942 1548 4.
970 1514 1035 1544 Vas
1061 1511 1194 1550 liquoris
1221 1507 1396 1540 aestuantis

1019 1559 1152 1592 Athleta
1177 1556 1369 1597 ingreditur,

972 1609 1034 1642 Sed
1062 1608 1180 1638 virtute
1206 1606 1288 1636 hanc
1314 1602 1451 1635 amantis

1020 1656 1162 1687 Fervore
1184 1663 1246 1684 non
1272 1651 1424 1689 laeditur,

974 1706 1049 1737 Post
1075 1703 1154 1734 haec
1181 1701 1284 1741 plagis
1310 1704 1357 1732 tot
1386 1703 1417 1730 et
1443 1697 1542 1731 tantis

1023 1752 1118 1784 Claro
1145 1750 1235 1781 vultu
1261 1748 1419 1780 caeditur.

942 1883 950 1891 .
977 1859 1060 1891 Caro
1084 1860 1196 1888 sancta
1224 1855 1395 1893 laceratur,

1026 1905 1114 1938 Fluit
1139 1903 1225 1935 unda
1249 1902 1424 1943 sanguinis,

979 1956 1016 1987 In
1043 1952 1192 1984 mamillis
1219 1954 1453 1988 concrematur,

1028 2001 1121 2034 Furit
1144 2001 1193 2031 ira
1219 1998 1390 2039 praesidis,

981 2050 1007 2081 F
1010 2054 1080 2081 uste
1107 2057 1199 2080 caesa
1231 2047 1419 2087 decollatur,

1032 2097 1178 2137 Iungitur
1203 2105 1276 2127 mox
1304 2095 1443 2127 caelicis.

952 2229 959 2236 .
986 2202 1161 2244 Dorothea‚
1189 2210 1307 2241 sponsa
1334 2199 1467 2239 Christi,

1035 2252 1097 2283 Pro
1123 2259 1240 2290 sponso
1265 2249 1432 2281 humiliter

985 2301 1071 2340 Quae
1097 2301 1256 2330 tormenta
1280 2297 1456 2338 pertulisti,

1035 2347 1175 2380 Petimus
1201 2346 1402 2386 suppliciter,

987 2396 1102 2430 Tutrix
1127 2396 1171 2427 sis
1197 2405 1216 2427 a
1242 2395 1335 2427 clade
1362 2393 1449 2426 tristi

1039 2445 1099 2477 Hic
1123 2449 1153 2476 et
1179 2443 1398 2476 aeternaliter.
