1653 2656
632 100 871 135 -79-

113 216 123 226 .
148 192 278 226 Annam
296 196 459 235 quondam
475 196 530 237 qui
547 196 720 236 dolentem,
783 199 815 229 5.
843 196 944 236 Spina
969 199 1083 234 mater,
1109 205 1183 228 rosa
1209 197 1308 237 virgo,

147 239 261 273 Saram
288 244 383 275 simul
411 248 442 276 et
468 244 638 286 ridentem,
842 243 939 276 Iacob
966 244 1061 275 stella
1087 242 1212 284 fulgens
1237 245 1336 285 caelo,

146 288 284 330 Templo
310 292 394 323 vidit
419 294 452 323 et
477 292 631 332 respexit,
843 292 889 324 Ut.
915 291 967 324 hic
993 292 1085 323 sedet
1112 292 1201 323 velut
1226 293 1319 324 thoro

145 337 251 370 Huius
281 339 387 371 alvum
415 343 448 372 et
473 340 631 380 implevit.
843 340 913 372 Rex
940 349 1098 381 supernus
1124 340 1156 371 in
1183 341 1274 374 solio,

109 458 117 465 .
148 434 255 467 Radix
282 436 370 468 Iesse
395 438 500 468 mater
524 437 631 474 Anna,
783 438 815 470 6.
843 436 941 477 Audi,
970 440 1086 475 mater,
1115 446 1184 468 cum
1212 437 1276 469 filia

148 482 249 524 Virga
273 482 392 516 florens
419 484 510 524 virgo
536 488 623 525 nata,
845 485 941 523 Vota,
969 494 1050 524 qnae
1078 485 1155 517 dant
1178 486 1257 516 haec
1276 486 1415 526 agmina,

148 533 245 563 Anna
270 532 385 572 vellus,
414 532 503 572 virgo
531 532 653 563 concha
843 532 909 564 Fer
934 533 976 565 ad
1003 534 1124 567 Christi
1151 534 1272 573 palatia

147 578 311 611 Gedeonis
337 580 368 611 in
395 589 483 613 area.
845 581 919 612 Tibi
947 580 1034 613 facta
1059 582 1209 615 melodia.

160 675 248 702 Brev.
269 675 463 702 Xantonense
485 676 554 711 imp.
577 676 707 702 Pictavii
730 674 813 703 1542.
835 693 871 696 —
895 675 922 711 3,
943 674 961 703 2
983 678 1111 703 Sarram.
1135 676 1166 709 4,
1189 676 1208 703 4
1230 679 1259 703 in
1281 685 1358 704 aera.
1382 691 1418 694 —

84 713 168 741 Ohne
190 714 367 749 Doxologie.

550 836 613 867 127.
655 836 697 867 De
719 837 832 867 sancta
853 837 951 867 Anna.

88 928 119 962 1.
149 927 220 960 Lux
248 927 289 959 de
315 927 387 959 luce
414 927 525 968 prodit
551 930 623 959 orta
787 929 819 960 4.
847 927 896 958 Tu
922 927 1048 967 pridem
1077 926 1288 963 infructuosa.

149 976 267 1008 Clausa
293 980 506 1017 permanente
532 979 638 1017 porta,
850 975 982 1007 Cunctis
1009 985 1082 1006 oras
1109 975 1221 1006 odiosa

203 1025 304 1056 Vates
331 1028 366 1056 ut
393 1024 593 1065 praecinuit;
898 1023 976 1054 Tuis
998 1023 1245 1055 contribulibus.

115 1149 121 1155 .
149 1122 244 1154 Felix
270 1121 334 1152 ista
359 1121 519 1162 genitura,
786 1123 818 1153 5.
847 1119 942 1151 Prole
970 1119 1100 1151 tandem
1128 1118 1301 1150 fecundata

151 1171 212 1202 Per
245 1179 341 1210 quam
370 1166 490 1213 [Deus]
514 1169 627 1201 mortis
654 1169 725 1200 iura
846 1168 891 1199 Es
918 1167 1013 1199 beata
1040 1168 1229 1207 praedicata

195 1218 364 1258 Dissipare
390 1218 502 1250 voluit.
896 1216 979 1249 Olim
1007 1219 1039 1247 te
1066 1216 1308 1256 spernentibus.

116 1344 122 1349 .
150 1315 289 1348 Ductrix
315 1316 412 1348 Anna
437 1315 520 1347 tanti
546 1314 635 1354 boni,
787 1315 818 1347 6.
847 1313 935 1354 Ergo
961 1317 1068 1344 natam
1097 1313 1284 1353 deprecare,

149 1364 247 1396 Cedis
273 1364 506 1404 maledictioni,
850 1362 917 1394 Nos
944 1366 977 1393 ut
1004 1371 1061 1393 suo
1088 1361 1315 1392 commendare

199 1414 301 1445 vetus
329 1413 382 1444 lex
408 1421 503 1452 quam
530 1411 653 1451 statuit,
900 1409 985 1442 Nato
1013 1410 1091 1441 velit
1116 1409 1278 1451 precibus.

436 1511 468 1542 7.
495 1509 587 1548 Quod
614 1512 782 1548 praestare
807 1511 842 1539 tu
870 1508 1015 1548 dignare,

496 1557 587 1590 Bona
611 1560 727 1589 cuncta
753 1556 807 1597 qui
834 1556 954 1587 donare

545 1606 615 1639 Scis
643 1609 675 1637 et
702 1605 790 1637 vales
816 1604 976 1637 omnibus.

164 1705 251 1731 Brev.
272 1712 326 1730 ms.
348 1704 525 1731 Pataviense
547 1704 618 1730 anni
642 1700 724 1730 1333.
747 1701 819 1730 Cod.
840 1702 1020 1729 Lambacen.
1035 1700 1168 1727 CLXXI.
1190 1700 1255 1727 add.
1280 1708 1356 1727 saec.
1380 1698 1424 1726 15.

521 1875 584 1906 128.
626 1875 668 1906 De
689 1875 799 1906 sancto
821 1872 988 1914 Ansgario.

612 1946 662 1974 Ad
692 1946 816 1982 Vespe
828 1954 896 1972 ras.

117 2063 124 2071 .
149 2036 303 2077 Ansgari,
331 2040 425 2076 pater
449 2035 582 2076 optime,
785 2036 818 2067 3.
847 2033 964 2065 Notam
993 2031 1074 2064 facis
1101 2030 1277 2062 incredulis

147 2085 307 2117 Errantes
334 2094 392 2117 nos
418 2084 452 2116 in
479 2084 574 2117 devio
847 2082 1037 2114 Doctrinam
1066 2079 1295 2117 evangelicam,

150 2134 263 2166 Reduc
289 2137 344 2166 tuo
369 2133 542 2171 iuvamine,
847 2130 966 2162 Lucem
994 2129 1181 2160 ministrans
1208 2126 1336 2166 populis

146 2182 288 2215 Servans
314 2182 374 2214 sub
401 2182 523 2214 Christi
549 2180 682 2222 gremio.
844 2178 944 2210 Ducis
972 2178 1004 2209 iu
1031 2177 1116 2208 viam
1143 2175 1308 2208 caelicam.

112 2305 120 2313 .
147 2280 251 2312 Danis
277 2283 309 2311 et
337 2279 448 2312 Suecis
474 2278 598 2319 gratiae
788 2277 820 2308 4.
848 2275 958 2307 Bonus
984 2277 1096 2313 pastor
1123 2271 1246 2303 utiliter

146 2329 276 2360 Donum
302 2327 465 2367 fidemque
493 2326 676 2368 praedicas,
849 2323 987 2362 Gregem
1016 2321 1123 2362 pascis
1151 2319 1356 2358 dominicum,

148 2376 243 2416 Pugil
269 2375 364 2408 fortis
389 2375 422 2406 in
448 2375 519 2406 acie
849 2369 1042 2407 biformem,
1071 2369 1155 2409 quod
1184 2368 1344 2399 veraciter

151 2424 274 2456 Gentes
299 2424 370 2456 Deo
396 2422 590 2457 sanctificas.
847 2419 1011 2452 Christum
1039 2418 1123 2449 colat
1148 2415 1364 2457 magnificum,
