1653 2656
673 158 931 193 -232—

549 299 614 331 386.
657 300 697 330 De
720 301 830 331 sancta
851 299 1045 340 margareta.

682 369 733 397 Ad
759 370 912 397 Laudes.

171 472 177 480 .
206 448 406 487 Margaretae
433 448 649 479 collaudemus
829 450 861 482 3.
889 449 1013 480 Poenas
1040 449 1124 480 subit
1151 449 1330 480 carcerales

249 496 398 535 Virginus
424 496 638 537 praeconium,
936 497 978 528 Et
1003 501 1195 528 tormentum
1221 497 1356 535 varium,

204 542 381 574 Gloriosum
408 544 577 574 recitemus
888 544 988 576 Feras
1016 545 1282 585 vincitssnoxiales

249 591 403 631 Martyris
430 592 617 631 martyrium
808 613 816 622 .
937 593 999 624 Per
1026 592 1144 624 Christi
1171 593 1359 624 subsidium.

204 639 245 670 Ut
272 639 313 669 ad
337 639 403 669 eius
430 644 633 678 penetremus
890 640 965 671 Post
992 640 1119 672 dolores
1144 641 1337 681 temporales

251 686 451 717 Praeclarum
479 687 683 718 consortium.
937 687 1023 720 Caeli
1051 689 1177 720 scandit
1199 689 1326 721 atrium.

170 796 177 803 .
205 772 321 811 Regem
349 773 423 803 colit
450 782 660 812 supernorum
829 776 861 806 4.
889 773 937 805 Sit
963 774 1032 805 laus
1058 784 1179 806 summo
1205 775 1351 814 genitori.

250 820 358 859 Virgo,
386 820 446 851 Dei
471 820 582 860 filium,
935 822 1015 861 Regi
1041 831 1148 862 regum
1175 823 1324 863 omnium⁷

200 869 411 899 Aeternorum
438 868 624 906 gaudiorum
891 869 963 902 Una
989 869 1118 901 Christo
1144 870 1351 910 redemptori,

251 915 474 947 Conferentem
504 916 688 954 praemium,
937 917 1094 948 Salvatori
1121 918 1271 959 gentium,

203 963 328 994 Cultum
355 963 478 1002 spernit
505 963 673 1002 idolorum,
888 965 1025 996 Flamini
1053 966 1245 997 consolatori

252 1010 431 1042 Contemnit
457 1011 656 1043 Olimbrium.
937 1014 1000 1045 Par
1027 1013 1134 1049 decus,
1161 1014 1339 1053 imperium.

219 1095 301 1122 BrcV.
323 1096 532 1122 Lemovicense
554 1096 621 1130 imp.
645 1097 809 1122 Leinovicis
834 1095 914 1123 1495.
942 1112 969 1115 —
994 1096 1020 1125 4,
1046 1099 1063 1124 2
1085 1107 1203 1133 regnum
1227 1100 1365 1125 oninium.

555 1244 619 1275 387.
661 1246 701 1276 De
724 1248 831 1277 sancta
853 1247 1046 1287 Margareta.

659 1315 682 1341 Α
691 1315 708 1341 d
738 1316 763 1342 V
774 1324 788 1342 e
798 1324 810 1342 s
818 1325 857 1351 pe
866 1325 903 1343 ra
911 1326 933 1343 s.

170 1415 176 1422 .
205 1390 320 1422 Grates
346 1391 516 1422 reddamus
544 1392 689 1433 Domino,
851 1395 881 1426 6.
908 1394 1036 1434 Ignibus
1063 1395 1176 1434 quibus
1203 1396 1351 1430 traditur,

205 1438 345 1473 Fratres,
374 1439 469 1470 corde
495 1443 525 1470 et
551 1440 655 1471 animo
911 1442 1027 1481 Sospes
1055 1451 1091 1473 ex
1119 1443 1167 1473 his
1195 1444 1339 1482 eripitur,

202 1486 261 1523 Qui
286 1487 410 1525 sponsis
437 1488 484 1517 sui
511 1486 567 1518 filii
910 1489 1047 1520 Feroces
1073 1489 1159 1522 ferae
1186 1497 1407 1523 mansuescunt

202 1532 306 1564 Decus
334 1534 386 1565 dat
414 1535 461 1565 sui
486 1536 629 1576 praemii.
911 1537 989 1568 Dira
1016 1538 1158 1578 collaque
1184 1539 1383 1571 submittunt.

851 1623 868 1654 x]

167 1643 172 1650 .
200 1620 319 1650 Assunt
345 1629 479 1659 namque
504 1621 669 1652 sollemnia
874 1647 879 1652 .
909 1622 1063 1654 Constans
1090 1625 1264 1663 persistens
1291 1626 1323 1657 in
1351 1626 1414 1658 fide

201 1671 268 1705 Quo
295 1666 386 1698 beata
412 1668 595 1708 Margareta
909 1670 1081 1703 Tormenta
1108 1673 1224 1704 devicit
1251 1683 1393 1714 quaeque

203 1715 331 1747 Cruoris
354 1716 438 1747 unda
465 1716 561 1747 effusa
908 1718 949 1748 Et
977 1728 1052 1749 voce
1080 1725 1315 1759 persecutorem

201 1762 271 1792 Poli
297 1764 481 1794 conscendit
506 1764 617 1797 ardua.
910 1766 1026 1798 Libera
1052 1767 1217 1800 confundit
1245 1770 1349 1802 vilem.

167 1872 174 1879 .
202 1852 288 1886 Quae
315 1849 400 1880 clara
427 1850 548 1881 exstitit
573 1851 682 1892 stirpe,
850 1852 880 1884 8.
907 1852 1041 1884 Demum
1067 1854 1174 1893 gladio
1202 1855 1348 1888 confossa

198 1896 301 1935 Magis
327 1897 384 1928 sed
411 1898 603 1937 virginitate,
909 1902 1032 1932 Caruea
1059 1902 1241 1942 relinquens
1268 1905 1409 1937 claustra

200 1943 324 1975 Decens
351 1948 381 1975 et
407 1946 541 1984 pulchra
568 1945 659 1978 facie.
908 1949 1054 1989 Iungitur
1080 1950 1176 1982 choro
1205 1953 1334 1984 caelesti

201 1991 317 2023 Sancta
342 1993 398 2024 sed
425 1993 590 2032 pulchrior
616 1994 689 2027 fide.
908 1996 1033 2036 Suoque
1059 2007 1175 2038 sponso
1202 2002 1346 2040 perenni.

165 2102 173 2111 .
199 2078 297 2116 Quam
321 2087 455 2117 sponsus
481 2083 510 2110 et
536 2089 591 2110 rex
620 2080 766 2112 caelestis
852 2083 883 2116 9.
911 2082 1014 2114 Huius
1040 2084 1182 2127 obtentu,
1211 2086 1355 2122 Domine.

202 2125 306 2156 Primo
332 2125 410 2157 flore
436 2127 620 2167 inventutis,
905 2131 1063 2164 Facinora
1091 2138 1200 2166 nostra
1225 2141 1323 2176 terge.

199 2174 234 2204 In
261 2183 322 2213 quo
347 2179 498 2213 maneret,
526 2176 698 2207 iucundum
912 2179 1071 2212 Possimus
1097 2185 1130 2212 ut
1158 2183 1295 2216 evadere

201 2221 268 2252 Sibi
295 2223 492 2254 consecravit
517 2224 679 2263 templum.
912 2227 1032 2259 Poenas
1059 2234 1206 2262 aeternas
1232 2233 1406 2272 gehennae.

167 2331 174 2338 .
202 2306 290 2337 Haec
316 2307 404 2348 virgo
431 2317 489 2347 pro
515 2317 607 2340 sacra
631 2308 694 2341 fide
828 2311 882 2345 10.
911 2311 953 2343 Et
980 2314 1115 2354 adipisci
1141 2320 1316 2356 praemium

203 2354 267 2385 Sub
294 2355 426 2395 Olybrio
452 2356 602 2396 praeside
910 2359 1064 2394 Caelestis
1091 2366 1179 2405 regni
1206 2365 1375 2409 fulgidum,

202 2403 274 2433 lesu
301 2403 462 2435 confidens
491 2405 626 2436 diversis
911 2409 978 2448 Quo
1003 2414 1057 2442 tua
1083 2418 1207 2454 martyr
1233 2420 1264 2447 et
1289 2426 1407 2456 sponsa

200 2450 418 2490 Extorquetur
444 2453 620 2492 suppliciis.
910 2456 1036 2489 Gaudet
1064 2470 1133 2492 cum
1157 2467 1188 2494 te
1214 2464 1411 2505 Margareta.
