1653 2656
175 1751 193 1779 ¹2

684 147 944 182 —282—

593 243 660 274 472.
704 242 744 272 De
766 242 873 272 saneto
895 238 1041 270 Roherto.

222 340 310 371 Inter
336 338 438 368 claras
463 334 652 374 margaritas
844 332 874 363 5.
902 329 928 362 Ο
963 336 1056 367 quam
1083 325 1161 357 felix
1187 333 1257 356 sors
1283 326 1478 363 sanctorum,

268 386 441 417 Radiantes
468 382 600 419 meritis,
952 375 1042 407 Finis
1068 374 1170 405 omnis
1197 372 1318 410 nescia⁷

221 434 306 473 Quae
333 434 448 464 decore
474 428 662 461 multiformi
908 424 975 455 Nec
1000 422 1104 454 labori
1131 430 1189 453 nec
1215 420 1318 452 dolori

269 481 403 521 Pingunt
428 479 506 510 caeli
534 477 662 517 regiani,
953 470 1094 504 Cuilibet
1119 469 1277 501 obnoxia!

221 577 402 610 Collocatae
429 573 567 604 feriatim
849 570 881 602 6.
908 569 1008 607 Quam
1035 566 1146 597 beatus
1173 565 1258 596 vitae
1285 567 1389 595 status

268 625 329 656 Per
356 623 524 655 distinctos
550 620 679 651 ordines
956 615 1077 647 Lumen
1105 622 1213 645 verum
1239 620 1382 647 cernere,

222 673 314 703 t'irca
341 672 488 702 thronum
515 667 678 706 creatoris,
907 663 1060 704 Quodque
1086 670 1174 693 amas
1200 660 1364 700 diligendo

270 719 366 751 Cuius
393 719 472 748 mira
499 717 632 756 species,
957 713 1024 744 Iam
1052 720 1114 742 non
1140 709 1226 741 ultra
1251 717 1416 748 quaerere.

223 815 309 846 Stola
336 813 475 845 candens
501 811 672 842 immortali
851 810 881 841 7.
908 808 999 839 Hanc
1025 807 1066 838 ad
1093 809 1211 837 sortem
1238 804 1459 844 pertingamus

272 862 342 894 Stat
368 860 499 893 Roberti
525 858 669 899 spiritus,
956 855 1034 886 Eius
1061 854 1179 885 sant-tis
1206 852 1367 892 precibus,

224 911 412 943 Meritorum
440 908 594 947 dignitate
910 903 1006 936 Cuius
1033 901 1231 933 celebramus
1258 899 1341 932 festa

272 959 401 989 Iunctus
424 954 669 987 confessoribus.
958 950 1083 982 Debitis
1111 959 1180 981 cum
1207 948 1366 980 laudibus.

224 1054 370 1084 Pretioso
398 1051 564 1082 redimitus
851 1049 882 1080 8.
911 1047 1000 1079 Patri
1027 1046 1154 1085 filioque
1180 1048 1291 1077 sancto

272 1101 422 1131 Frontem
449 1099 639 1132 diademate,
959 1095 1043 1125 Laus
1070 1094 1111 1124 sit
1136 1097 1231 1132 atque
1257 1092 1359 1132 gloria

227 1148 316 1186 Quod
342 1147 467 1186 paravit
493 1145 539 1176 illi
567 1145 711 1176 Christus
910 1142 1110 1180 Flaminique
1138 1140 1302 1180 coaequali

275 1195 451 1226 Praemium
478 1193 628 1224 iustitiae.
960 1189 1021 1220 Per
1046 1193 1178 1220 aeterna
1203 1188 1344 1220 saecula.

243 1290 326 1315 Brev.
349 1297 400 1314 ms.
422 1289 514 1314 Casae
537 1287 590 1312 Dei
610 1287 645 1318 (2²)
664 1293 739 1311 saec.
765 1282 835 1310 ¹⁴!15.
858 1283 928 1310 Cod.
951 1283 1086 1309 Vesolau.
1112 1281 1153 1309 14.

587 1417 654 1446 473.
699 1416 738 1446 De
759 1417 868 1446 sancto
890 1413 1060 1444 Romarico.

195 1535 201 1541 .
229 1510 307 1548 Ave,
337 1507 514 1547 Romarice,
856 1507 886 1536 4.
916 1504 982 1535 Deo
1009 1503 1202 1534 consecrasti

229 1556 311 1596 Dux,
340 1555 400 1586 Dei
426 1555 536 1592 amice,
916 1552 1116 1590 Multumque
1144 1551 1254 1582 ditasti

230 1604 340 1634 Honor
367 1602 602 1635 monachorum.
918 1599 1197 1630 Nobilissimarum

232 1651 363 1682 Gemma
391 1648 618 1681 confessorum.
917 1647 1035 1678 Locum
1063 1647 1253 1686 puellarum.

199 1772 204 1778 .
234 1747 297 1778 Ora
323 1755 474 1776 summum
503 1754 620 1784 regem,
860 1746 890 1776 5.
918 1744 1001 1780 Quas
1028 1744 1059 1774 in
1087 1743 1181 1774 laude
1209 1743 1332 1775 Christi

237 1794 277 1826 Ut
304 1794 386 1824 hunc
412 1793 513 1824 salvet
540 1801 677 1833 gregem,
918 1788 989 1834 [Tu]
1019 1791 1221 1832 constituisti,

230 1842 270 1873 Et
298 1842 329 1873 in
356 1846 409 1872 tuo
437 1839 518 1872 festo
918 1839 962 1871 Ut
989 1848 1046 1878 per
1072 1839 1241 1870 melodiam

233 1889 340 1920 Nostri
367 1898 486 1920 memor
513 1892 591 1920 esto.
919 1886 1052 1918 Cantent
1081 1887 1211 1926 psalmis
1239 1885 1364 1930 [piam]

173 2008 203 2018 ..
231 1988 312 2019 Erus
339 1986 526 2026 principalis
861 1985 892 2016 6.
919 1984 986 2015 Has
1013 1984 1131 2015 Romae
1157 1985 1281 2023 pastori

232 2036 281 2067 Ac
307 2035 398 2066 aulae
425 2033 552 2073 regalis,
921 2031 1085 2071 Regnique
1112 2032 1229 2063 rectori

235 2083 309 2114 Post,
334 2081 530 2122 anachorita,
920 2079 1036 2110 Tradis
1063 2080 1244 2111 edocendas

233 2130 331 2162 Sacra
357 2130 469 2169 plenus
496 2130 572 2160 vita.
920 2128 1026 2167 Atque
1053 2126 1283 2160 defendendas,

610 2220 639 2251 7.
668 2219 715 2250 Sit
742 2219 809 2250 laus
837 2219 985 2255 creatori,

666 2267 711 2298 Sit
738 2267 807 2298 laus
834 2266 1031 2305 redemptori

666 2316 772 2354 Atque
798 2314 868 2355 tibi,
895 2313 1020 2351 flamen,

664 2363 849 2402 Utriusque.
899 2363 1014 2395 Amen.

249 2455 698 2490 Hymu.1ns.R0ma1·ioiMontis
711 2463 785 2481 saec.
798 2450 1382 2489 15.Cod,Spinalien.194(36).:÷1dd.saecv
1396 2456 1494 2484 16.ex.
