1653 2656
718 141 982 176 —187—

432 237 487 271 10.
513 237 602 278 Vox,
631 238 719 270 cuius
745 238 836 280 vigor
862 240 938 273 fidei
965 241 1097 274 decreta

515 285 630 318 Sanxit
656 290 687 318 et
713 287 803 328 legis,
833 289 922 321 cuius
949 292 998 321 est
1023 289 1112 330 origo

514 334 647 366 Pervius
673 335 763 377 ordo,
792 334 864 368 finis
890 341 986 378 atque
1011 346 1124 370 norma

659 383 800 415 Cunctae
827 385 965 417 virtutis.

429 476 483 511 11.
511 478 645 518 Porrige
672 479 779 518 robur,
807 481 895 520 pugil
921 485 953 512 et
978 485 1143 521 protector

510 526 620 557 Fortis
646 527 678 558 in
705 527 800 570 bello,
830 528 942 560 turbae
970 529 1142 572 fatiscenti,

511 574 606 606 Fidei
632 579 761 607 nostrae
788 577 909 616 clipeus
934 582 965 609 et
991 579 1086 618 ensis,

656 624 815 656 Haereses
842 630 960 659 sterne.

427 719 481 751 12.
510 721 602 759 Auge
630 729 723 760 nunc,
751 730 882 762 quaeso,
910 723 1052 762 regimen
1078 722 1213 762 sollerti,

509 767 641 799 Desidis
668 767 742 808 fuga
767 769 909 801 latebras
937 771 1066 808 erroris,

509 815 664 848 Omnibus
690 817 772 848 assis
799 817 919 857 pietate
945 819 1056 858 gratis,

656 865 776 904 Perpes
803 866 959 899 alumnuS.

428 959 483 993 13.
512 959 596 998 Tibi,
625 969 681 992 rex
711 961 849 1001 Christe,
879 962 976 993 decus
1004 966 1035 993 et
1061 965 1216 1002 potestas,

511 1008 625 1040 Honor
651 1012 682 1039 et.
708 1009 811 1040 virtus
838 1010 942 1049 sitque
969 1010 1065 1050 patri,
1094 1019 1163 1041 cum
1190 1018 1252 1049 quo

510 1055 644 1096 Semper
670 1060 700 1087 et
728 1061 839 1088 sancto
863 1057 992 1089 flamine
1017 1067 1076 1097 per
1102 1061 1216 1089 cuncta

656 1104 791 1136 Saecula
818 1114 967 1145 regnans

254 1198 338 1224 Cant.
365 1206 418 1224 ms.
442 1198 630 1226 Franciscan.
654 1207 730 1226 saec.
756 1199 797 1227 15.
821 1200 892 1228 Cod.
914 1200 1057 1227 Marcian.
1079 1201 1115 1228 It.
1137 1201 1179 1228 IX
1203 1199 1266 1228 145.
1292 1216 1325 1219 —
1350 1201 1506 1234 „Sequitur

173 1237 201 1261 in
236 1235 368 1262 eiusdem
399 1236 478 1263 beati
502 1237 646 1264 Iohannis
668 1239 823 1274 Baptistae
846 1239 1047 1266 sollemnitate
1069 1239 1106 1266 ad
1127 1240 1309 1266 Nocturnum
1332 1239 1456 1274 hymnus
1479 1243 1505 1264 et

173 1277 311 1301 cantatur
334 1276 364 1301 in
386 1278 457 1301 ton«.
481 1276 658 1312 Virginis
689 1276 846 1312 proleS.“

553 1428 624 1460 320.
669 1427 702 1459 In
726 1428 903 1460 Nativitate
926 1438 949 1460 s.
973 1429 1120 1461 Iohannis
1144 1430 1175 1461 B.

722 1500 774 1527 Ad
803 1500 962 1527 Laudes.

442 1587 474 1620 1.
503 1587 528 1620 Ο
557 1587 654 1620 decus
685 1593 824 1631 patrum,
853 1588 1005 1628 baptista,
1032 1597 1092 1628 que
1119 1588 1271 1628 princeps

504 1635 658 1676 Trinique
684 1645 796 1674 nexus,
824 1637 1010 1677 angelorum
1037 1637 1174 1678 agalma,

504 1684 598 1715 Vitae
625 1685 701 1724 dux⁷
730 1685 897 1725 splendor,
925 1685 1141 1725 redemptoris
1167 1686 1269 1717 nostri

649 1734 767 1766 Inclite
794 1735 928 1774 praeco!

442 1831 473 1863 2.
502 1830 527 1863 Ο
555 1834 643 1862 sator
669 1832 770 1871 virgo,
796 1841 814 1863 0
841 1830 977 1871 benigne
1004 1834 1107 1871 pater,

505 1878 578 1912 Tibi
604 1882 654 1911 ter
680 1880 800 1920 triplex
827 1879 988 1912 ierarchia
1013 1880 1129 1920 pandit

504 1927 633 1960 Laudes
660 1928 859 1969 hymnosque
886 1929 1054 1960 harmonia
1079 1928 1151 1968 pari

649 1977 809 2009 Neumate
836 1977 933 2010 dulei.

444 2075 476 2108 3.
505 2075 530 2107 O
556 2075 649 2107 miles
675 2075 759 2107 alme
786 2074 945 2115 gloriosae
972 2073 1083 2114 prolis,

503 2123 665 2156 Gaudium
691 2124 813 2165 mundi,
842 2127 936 2163 pater
962 2122 1104 2162 pietatis,

504 2172 609 2205 Unica
635 2176 779 2204 nostrum
807 2180 881 2212 spes
907 2174 1003 2212 atque
1031 2169 1180 2209 dulcedo,

647 2220 784 2253 Arbiter
809 2220 926 2260 legum.

442 2318 474 2350 4.
503 2317 552 2349 Tu
579 2320 694 2358 stupor
720 2316 825 2356 fortis,
853 2316 930 2348 fidei
957 2316 1091 2357 athleta,

502 2365 711 2398 Anachoreta
737 2366 839 2397 mirae
865 2365 1059 2406 sanctitatis,

505 2414 554 2446 Tu
583 2414 683 2447 robur
708 2414 836 2456 mentis,
865 2414 969 2446 dulcis
994 2423 1084 2446 amor
1109 2423 1206 2446 urens

647 2464 783 2496 Pectora
810 2466 931 2497 nostra.
