1653 2656
745 136 1005 172 -249—

636 227 700 259 415.
743 230 784 261 De
805 233 913 263 sancto
939 232 1097 266 Mauritio.

761 290 812 318 Ad
833 291 989 321 Laudes.

202 359 232 392 1.
262 359 370 397 Salve.
398 365 524 403 martyr
550 366 687 406 egregie,
899 372 930 404 3.
959 371 1105 415 Oramus,
1134 375 1248 406 vestris
1275 376 1424 415 precibus

241 408 406 455 ⁵Maurifi,
437 411 590 452 princeps
618 415 812 456 principum,
959 419 1071 460 Culpis
1099 423 1290 454 mundemur
1315 425 1473 464 omnibus,

260 455 367 496 Salve,
395 458 499 491 victor
526 461 722 506 dignissime,
960 468 1134 502 Vincamus
1160 471 1222 510 piis
1252 472 1388 509 actibus,

266 504 415 538 Cohortis
443 507 559 540 ductor
584 510 706 544 inclite.
961 517 1046 556 Agni
1073 526 1245 557 sequamur
1272 520 1417 553 choreas

199 591 228 622 2.
260 591 365 631 Salve,
393 595 486 626 testis
513 596 709 639 dulcissime,
896 603 927 634 4.
957 603 1101 645 Praesta,
1131 605 1217 636 solus
1244 606 1395 646 ingenite,

258 639 423 680 Exsuperi
450 642 604 685 piissime,
956 651 1101 693 Praesta,
1130 652 1216 684 Deus
1243 658 1276 685 tu
1303 656 1421 694 genite,

259 687 365 730 Salve,
395 699 501 722 comes
527 695 557 723 et
586 693 680 733 legio,
955 699 1100 741 Praesta,
1129 710 1220 733 sacer
1246 703 1414 742 paraclite,

257 735 396 776 Salvete‚
425 739 524 770 cosmi
550 740 680 773 lumina.
955 746 995 778 Et
1023 757 1081 786 per
1107 754 1239 781 aeterna
1266 752 1404 784 saecula.

274 822 383 857 Hynm.
407 833 459 852 ms.
483 827 510 852 S.
534 827 613 853 Petri
637 828 722 854 Marti
747 829 868 857 Utineu.
891 840 967 860 saec.
993 831 1034 860 16.
1063 834 1132 861 (an.
1157 836 1244 862 Civit.
1261 837 1380 863 Utincn.
1404 847 1425 863 S.
1448 847 1476 864 n.
1494 853 1530 856 —

195 857 221 894 2,
246 859 265 888 4
286 860 375 889 Salve
397 865 499 891 cosmi.
519 880 556 883 —
578 864 604 898 3,
627 864 644 893 3
667 867 836 895 Vincamur.
859 884 896 888 —

644 979 706 1010 -116,
751 982 792 1011 Ile
816 986 923 1013 sancto
946 983 1062 1015 Mauro.

745 1041 794 1067 Ad
823 1042 986 1070 Laudes.

199 1113 231 1146 1.
260 1113 398 1152 Christe,
427 1115 570 1147 salvator
596 1118 747 1157 omnium,
896 1122 926 1153 4.
955 1121 1050 1153 Cultu
1078 1123 1167 1162 vigili
1194 1133 1371 1164 pauperum

256 1160 397 1193 Tuorum
424 1167 498 1194 vota
521 1165 702 1203 supplicum
955 1170 1120 1202 Caelicum
1149 1181 1262 1211 gerens
1290 1174 1439 1213 animum,

254 1208 385 1241 Exaudi
412 1220 496 1242 nunc
522 1213 682 1252 propitius
952 1219 1176 1251 Maerentibus
1203 1221 1368 1263 solacium,

254 1256 389 1289 Levitae
416 1258 522 1290 Mauri
551 1261 713 1300 precibus.
954 1267 1098 1307 Captivis
1126 1268 1180 1300 dat
1209 1269 1398 1303 subsidium.

190 1344 223 1376 2.
251 1344 313 1383 Qui
338 1354 398 1384 pro
425 1355 534 1377 amore
562 1347 690 1380 Domini
891 1355 922 1385 5.
954 1353 1056 1384 Huius
1083 1354 1189 1386 Mauri
1217 1356 1349 1388 caelibis

248 1394 400 1424 Amorem
429 1394 522 1434 liquit
550 1398 680 1439 saeculi,
949 1401 1124 1434 Salvantur
1149 1404 1237 1444 aegri
1264 1405 1400 1444 meritis,

251 1440 378 1473 Gaudia
405 1451 512 1474 rerum
539 1443 638 1477 fluida
951 1450 1229 1491 Redintegrantur
1257 1453 1391 1495 debiles,

247 1489 451 1530 Contempsit
477 1496 532 1523 tua
559 1494 674 1533 gratia.
949 1498 1181 1531 Laetificantur
1207 1499 1340 1532 flebiles.

188 1577 220 1608 3.
249 1576 335 1608 Hinc
360 1587 497 1618 namque
523 1585 635 1612 sancto
663 1587 794 1621 pectore
884 1585 915 1617 6.
944 1584 992 1616 Sit
1019 1585 1088 1617 Deo
1115 1587 1201 1628 patri
1228 1592 1258 1618 et
1286 1587 1353 1620 filio

246 1625 382 1658 Crucem
410 1630 519 1666 portat
544 1630 684 1668 assidue,
946 1633 1059 1665 Honor
1085 1638 1115 1665 et
1141 1635 1290 1667 iubilatio

244 1673 281 1704 In
309 1674 397 1706 omni
421 1679 495 1707 actu
521 1680 681 1716 strenuus,
946 1682 1023 1714 Cum
1050 1683 1167 1722 spiritu
1191 1686 1351 1724 paraclito

246 1721 423 1755 Locutione
449 1724 590 1760 inclitus.
944 1730 1102 1771 Regnanti
1131 1733 1198 1772 poli
1225 1733 1335 1766 iubilo.

259 1808 351 1836 Psalt.
374 1812 403 1836 et
423 1810 501 1846 hym.
525 1812 553 1839 S.
576 1813 694 1841 Servuli
717 1824 793 1843 saec.
818 1815 861 1843 15.
889 1817 958 1844 Cod.
982 1817 1113 1853 Cicogna
1142 1817 1215 1846 1573
1242 1817 1346 1849 (201351.
1376 1836 1408 1840 -—
1441 1820 1457 1848 5
1494 1818 1512 1848 3

183 1847 439 1885 Redintegrantes.

647 1938 708 1969 417.
751 1939 794 1970 De
817 1942 927 1971 sancto
949 1941 1067 1972 Mauro.

714 2000 766 2027 Ad
789 2000 985 2037 Vesperas.

446 2079 476 2110 1.
503 2078 595 2110 Inter
621 2079 766 2111 excelsos
793 2080 968 2121 niveosque
996 2086 1118 2121 coetus,

501 2126 561 2166 Qui
588 2127 689 2158 sacris
717 2128 841 2160 caelum
869 2129 993 2161 meritis
1020 2131 1191 2170 adornant

504 2175 622 2207 Inclita
649 2176 784 2208 Maurus
810 2181 904 2218 pater
930 2182 1004 2209 ante
1032 2178 1195 2211 Christum

593 2224 680 2256 Luce
707 2229 865 2260 coruscat.

443 2311 474 2344 2.
503 2310 566 2343 Hic
592 2320 673 2350 puer
698 2321 819 2352 parvus
847 2312 983 2344 Domino
1010 2318 1157 2345 sacratus

499 2358 544 2390 Et
570 2359 740 2392 Benedicti
766 2361 870 2401 patris
897 2370 953 2393 ore
980 2361 1093 2394 doctus

500 2406 616 2439 Gratia
643 2408 766 2440 Christi
793 2409 973 2442 duodennis
1000 2414 1090 2443 actus

593 2455 685 2489 Cavit
712 2457 850 2498 iniquos.
