1653 2656
723 139 763 143 -
820 118 981 154 138-—

629 249 697 281 234.
739 249 780 280 De
799 249 908 280 saneto
929 245 1073 278 Evurtio.

692 320 742 347 Ad
769 319 1005 346 Matutinum.

197 412 226 444 1.
253 410 357 442 Patris
383 408 505 440 aeterni
531 408 669 448 genitum

256 459 424 490 Poscamus
449 460 543 495 atque
569 456 728 494 spiritum,

253 504 446 536 Paraclitum
473 508 508 534 ut
534 503 629 534 hodie

253 552 353 584 Nobis
378 560 490 582 munus
517 551 570 581 det
595 551 726 590 gratiae.

194 650 225 681 2.
254 647 387 679 Sanetus
413 646 541 685 praesul
567 645 720 676 Evurtius

253 695 312 726 Hic
337 693 477 733 prudens
503 697 535 724 et
560 693 715 733 egregius,

252 743 365 774 Castus
391 741 473 773 vixit
499 744 530 771 et
557 740 692 777 sobrius,

251 790 382 829 Semper
404 798 550 820 crescens
576 789 608 819 in
636 789 758 820 melius,

191 887 222 918 3.
249 887 370 917 Aurum
393 885 512 916 invenit
539 884 678 923 positum

250 933 287 964 In
313 937 399 964 terra
423 937 453 963 et
479 932 700 963 absconditum

252 981 310 1011 Vir
335 984 463 1011 sauctus
485 979 544 1011 Dei
570 987 709 1016 munere,

252 1027 336 1059 Dum
363 1027 467 1067 coepit
491 1031 608 1058 terram
636 1026 756 1058 fodere.

877 408 910 438 4.
936 405 1004 443 Qua
1028 404 1159 435 inventa
1183 402 1319 442 pecunia

936 451 1071 485 Praesul
1098 459 1210 482 carens
1235 450 1358 483 malitia

937 500 1082 540 Augusto
1108 498 1195 529 misit
1219 497 1326 530 omnia

937 548 993 580 Uti
1021 547 1128 578 volens
1154 545 1288 579 iustitia.

880 646 911 676 5.
939 643 993 675 Pie
1019 647 1113 682 pater
1139 646 1170 673 et
1195 641 1334 682 humilis,

939 691 1082 722 Naturae
1107 699 1229 722 memor
1254 687 1391 730 fragilis,

939 738 1136 771 Conventum
1162 742 1251 769 tuum
1276 737 1398 768 sustine

939 787 974 818 In
1001 786 1092 817 huius
1121 785 1204 817 vitae
1229 784 1368 816 turbine.

878 884 909 915 6.
937 882 1023 922 Ergo
1049 881 1118 913 Deo
1144 881 1185 912 sit
1210 880 1323 921 gloda,

937 931 1036 968 Quem
1061 937 1240 970 precemur,
1265 932 1299 959 ut
1327 928 1420 959 venia

938 977 1038 1009 Nobis
1066 977 1140 1008 data
1163 976 1195 1007 in
1222 976 1327 1016 patria

936 1026 1079 1056 Aeterna
1099 1024 1195 1055 donet
1220 1023 1374 1063 praemia.

268 1120 349 1148 Offic.
371 1129 424 1147 ms.
448 1121 476 1147 S.
498 1121 614 1147 Evurtii
634 1120 822 1146 Aurelianen.
844 1127 919 1146 saec.
943 1118 985 1145 15.
1008 1119 1077 1146 Cod.
1099 1119 1233 1144 vatican.
1256 1119 1327 1152 Reg.
1349 1115 1414 1144 623.

628 1270 694 1300 235.
736 1268 778 1300 De
801 1271 906 1299 sancto
928 1268 1068 1299 Evurtio.

727 1339 753 1366 A
762 1339 779 1365 d
808 1339 832 1364 L
843 1347 859 1365 a
867 1347 885 1365 u
893 1339 910 1364 d
919 1348 933 1365 e
944 1348 966 1365 s.

193 1429 222 1460 1.
252 1427 380 1458 Evurtii
405 1426 571 1457 sollemnia

249 1474 335 1507 Orbe
361 1473 475 1505 florent
501 1474 601 1505 sancti
630 1474 713 1510 diva,

251 1521 434 1554 Aurelianis
460 1520 572 1552 floride

251 1569 518 1602 Sollemnizautur
543 1569 681 1601 abunde.

193 1667 211 1697 [ὑ

218 1692 225 1699 .
251 1665 404 1697 Evurtius
427 1673 499 1695 mox
527 1664 629 1703 gratia

252 1711 402 1745 Pontifex
429 1711 490 1743 Dei
516 1711 615 1751 gloria

254 1760 453 1792 Constitutus
480 1759 647 1790 clementia

254 1807 421 1839 Praedixit
448 1807 521 1838 hinc
547 1807 705 1846 prodigia.

194 1906 225 1937 23.
251 1904 340 1944 Ignis
363 1903 473 1943 ingens
499 1902 578 1933 urbe
604 1902 719 1942 coepit,

254 1951 350 1983 Plebs
376 1950 492 1982 nobilis
520 1949 586 1982 fere
613 1951 724 1988 saevit⁷

252 1999 384 2032 Praesul
410 2008 519 2037 orans,
547 1998 630 2030 cedit
658 1997 794 2038 flamma,

253 2046 478 2087 Exstinguitur
501 2055 632 2086 prorsus
658 2055 779 2078 cauma.

193 2146 224 2176 4.
253 2142 444 2175 Gratulatur
471 2151 539 2173 cum
565 2142 681 2183 gaudio

250 2191 469 2223 Praesentatis
495 2190 620 2230 eloquio

248 2240 360 2270 Annos
386 2238 538 2278 temporis
565 2238 668 2278 spatio

250 2287 326 2318 Post
354 2285 509 2318 fratribus
535 2285 757 2327 quadraginta.

267 2381 348 2408 offic.
383 2390 435 2408 ms.
464 2384 493 2409 δ.
522 2381 638 2408 Evurtii
669 2381 818 2408 Aurelian.

189 2418 216 2452 3,
236 2418 254 2447 3
275 2419 358 2446 sedit.

877 1428 911 1457 5.
937 1426 1021 1458 Mori
1049 1425 1100 1456 die
1127 1425 1285 1456 dominica

937 1473 1097 1504 Anianum
1125 1472 1314 1512 prophetica

937 1521 1130 1559 Praesulem‚
1159 1529 1235 1551 voce
1261 1520 1381 1552 caelica

938 1568 989 1600 Sic
1017 1573 1184 1600 coruscant
1210 1568 1374 1600 miracula.

879 1665 909 1696 6.
939 1663 1062 1703 Corpus
1089 1664 1156 1694 eius
1184 1664 1349 1695 decentius

936 1712 966 1743 A
993 1711 1147 1751 Stephani
1174 1711 1308 1743 ecclesia

938 1760 1015 1792 Cum
1043 1758 1219 1790 referretur
1244 1759 1384 1800 brevius,

937 1806 1076 1838 Grandis
1103 1808 1205 1838 oritur
1231 1807 1350 1847 pluvia.

886 1912 912 1934 ι.
939 1902 1068 1934 Baiulos
1094 1911 1196 1942 neque
1219 1904 1336 1944 tetigit,

938 1950 1130 1982 Ferentibus
1156 1951 1212 1983 lux
1238 1950 1378 1993 refulsit,

937 1999 1013 2030 Post
1040 1999 1210 2030 transitum
1236 1999 1403 2040 perpetuis

938 2046 1117 2078 Decoratur
1143 2047 1314 2080 miraculis.

880 2142 911 2174 8.
939 2142 1025 2181 Ergo
1053 2142 1120 2174 Deo
1146 2144 1187 2174 sit
1213 2143 1325 2184 gloria,

938 2190 1036 2228 Quem
1062 2200 1240 2230 precemur,
1268 2197 1302 2223 ut
1327 2192 1422 2224 venia

939 2237 1039 2269 Nobis
1067 2239 1142 2271 data
1167 2240 1200 2271 in
1226 2241 1333 2280 patria

937 2287 1078 2318 Aeterna
1107 2287 1204 2319 donet
1229 2289 1383 2328 praemia.

851 2389 925 2408 saec.
954 2380 997 2408 15.
1025 2381 1094 2409 Cod.
1123 2383 1257 2411 Vatican.
1280 2384 1352 2420 Reg.
1378 2382 1444 2412 623.
1471 2400 1510 2404 —
1566 2383 1570 2386 ”
