1653 2656
617 83 856 118 -75-

523 224 579 255 118.
621 223 664 255 De
685 225 794 254 sancto
816 222 952 255 Andrea.

67 310 98 344 1.
126 311 235 344 Unum
261 313 365 346 Israel
398 314 438 346 de
464 313 609 346 fontibus
769 316 800 347 5.
827 314 974 346 Tradens
1000 315 1144 347 Achaiae
1170 315 1202 346 in
1229 314 1345 346 finibus

125 359 259 393 Clarum
288 362 393 394 virum
421 362 606 403 virtutibus,
827 362 1020 402 Mysterium
1048 362 1209 406 fidelibus,

125 408 315 449 Quicunque
344 412 434 441 recte
461 409 633 448 credimus,
827 410 880 442 Ab
908 412 1038 450 Aegaea
1067 412 1258 452 proconsule

125 455 243 497 Dignis
271 467 422 490 canamus
448 457 612 490 laudibus,
831 458 988 490 Retrusus
1015 463 1061 490 est
1089 460 1121 491 in
1150 469 1289 492 carcere.

39 569 49 575 .
66 544 98 576 2.
126 542 190 576 Hic
215 543 368 575 Andreas
394 543 571 584 apostolus,
769 546 799 577 6.
831 544 911 576 Dein
939 544 1076 585 flagellis
1103 546 1250 578 subditus

125 591 176 623 De
203 589 306 623 fratre
335 592 432 623 Petro
459 590 613 634 fulgiduS‚
829 592 959 632 Septem
986 595 1250 633 quaternionibus

128 639 260 673 Christe
286 639 351 671 fide
377 639 414 671 fit
440 640 568 682 celsior,
829 641 994 674 Christum
1022 641 1116 674 fateri
1144 643 1273 683 publice

126 687 188 720 Est
213 691 310 728 porta
337 686 424 720 faeta
449 688 482 720 in
508 687 595 721 Sion.
830 689 955 723 Doctor
980 690 1052 731 pius
1079 700 1142 723 non
1170 691 1306 724 destitit.

68 776 100 810 3.
127 774 255 807 Primus
282 774 344 806 iste
372 775 488 815 dignus
516 775 652 819 exstitit,
771 777 801 809 7.
832 776 907 808 Post
935 780 1085 808 exaratus
1114 777 1247 809 verbere

128 823 238 856 Oculis
266 822 372 855 beatis
399 826 434 855 ut
463 827 611 855 cerneret
830 823 1012 864 Suspensus
1040 828 1088 856 est
1113 826 1145 857 in
1173 826 1294 865 stipite.

128 871 283 904 Messiam
310 874 342 903 et
369 872 416 903 sic
443 872 568 904 concite
832 873 930 911 Quem
957 874 1072 905 missus
1099 874 1164 905 alto
1191 874 1231 905 ab
1259 874 1388 906 aethere

127 920 258 953 Vidisse
285 919 380 952 fratri
408 921 567 960 prodidit.
830 921 952 960 Fulgor
978 922 1100 953 micans
1128 922 1351 955 circumdedit.

69 1010 101 1041 4.
130 1007 278 1040 Piscator
302 1010 377 1038 ante
403 1007 435 1038 in
462 1006 626 1048 fluctibus,
771 1008 802 1040 8.
832 1009 902 1040 Hac
927 1011 1014 1039 sorte
1041 1008 1146 1039 carnis
1174 1009 1310 1039 termino

128 1056 206 1088 Post
233 1055 348 1087 doctor
374 1055 445 1095 ipse
471 1056 503 1087 in
530 1056 691 1096 gentibus5
832 1056 951 1087 Reddit
981 1056 1107 1088 beatum
1136 1056 1284 1096 spiritum

128 1104 178 1136 Ne
205 1104 300 1144 plebs
327 1104 452 1143 periret
478 1104 646 1139 imbribus.
830 1104 871 1135 Et
900 1104 1057 1143 gloriosus
1085 1104 1197 1135 funere

127 1152 285 1185 Extraxit
311 1161 367 1184 ore
394 1152 529 1186 retibus.
836 1152 941 1183 Vitam
970 1153 1095 1184 beatam
1123 1152 1277 1193 possidet.

437 1242 468 1274 9.
498 1240 610 1272 Gloria
636 1240 723 1280 patri
747 1240 903 1282 ingenito,

499 1288 613 1320 Gloria
639 1288 804 1328 unigenito

498 1337 570 1370 Una
598 1346 669 1368 cum
696 1340 808 1368 sancto
834 1336 953 1376 spiritu

500 1386 536 1417 In
561 1385 759 1424 sempiterna
785 1385 926 1418 saecula.

64 1510 100 1538 L·
144 1472 236 1538 Lillgei·
258 1481 312 1531 128·
337 1471 552 1498 Miraculorum
577 1472 606 1498 S.
622 1471 758 1498 Andreae
781 1469 924 1512 saec-312.
949 1471 1010 1498 eod
1027 1470 1153 1497 Parisin.
1173 1469 1207 1497 12
1216 1469 1279 1498 603.
1296 1486 1331 1490 ——
1348 1471 1373 1502 3.
1392 1471 1405 1498 l

92 1520 151 1538 tes:
201 1520 279 1538 rius,

540 1642 596 1674 119.
640 1643 682 1674 De
705 1644 816 1674 sancta
839 1643 938 1673 Anna.

598 1704 649 1731 Ad
676 1705 875 1740 Vesperas.

66 1795 98 1828 1.
128 1794 237 1834 Salve,
266 1803 385 1834 parens
411 1795 519 1836 Anna,
771 1795 803 1826 4.
831 1795 857 1826 O
886 1793 989 1825 dulcis
1017 1793 1135 1834 Maria,

126 1843 272 1875 Illuxisti
299 1843 376 1883 late,
832 1842 932 1874 Matri
960 1841 1122 1880 meruisti,

126 1891 216 1924 Caeli
244 1891 354 1924 ferens
381 1901 500 1923 manna
832 1890 923 1930 Quod
952 1894 1060 1930 posset
1087 1890 1119 1920 in
1144 1889 1195 1921 via

125 1941 220 1973 Vitae
248 1941 432 1974 sanctitate.
831 1939 884 1971 Sic
916 1939 1061 1970 sublimis
1088 1938 1168 1970 sisti.

64 2031 95 2063 2.
123 2029 242 2062 Electa
268 2026 370 2067 fuisti,
771 2030 802 2060 5.
830 2027 912 2065 Ave,
940 2026 1036 2057 maris
1063 2026 1168 2061 stella,

124 2077 218 2117 Quod
245 2077 290 2108 sis
316 2076 430 2108 matris
458 2077 579 2110 Christi
831 2075 1020 2106 Trementes
1048 2073 1205 2112 conforta,

123 2126 244 2166 Mater,
271 2125 393 2156 mundo
421 2125 508 2157 tristi
830 2123 896 2155 Sub
923 2123 1033 2154 mundi
1062 2122 1206 2162 procella

124 2175 234 2207 Vitam
261 2172 410 2213 genuisti.
829 2171 923 2203 Felix
951 2171 1032 2203 caeli
1059 2174 1162 2212 porta.

62 2265 94 2298 3.
123 2260 295 2296 castitatis
322 2258 426 2297 testis,
768 2261 799 2292 6.
829 2259 890 2290 Dei
916 2262 1020 2290 mater
1045 2258 1138 2293 alma,

124 2310 222 2351 Ligni
256 2309 343 2339 vitae
373 2305 515 2339 fructum
828 2307 879 2338 Da
906 2306 1060 2347 triumphi
1090 2306 1184 2342 dona.

122 2360 228 2393 Carne
254 2359 368 2389 sancta
394 2355 494 2388 vestis
829 2355 867 2387 In
895 2356 1048 2387 virtutum
1077 2353 1183 2395 palma

121 2409 213 2441 Evae
241 2408 370 2437 mutans
397 2402 530 2444 luctum,
830 2403 1003 2435 Vincentes
1031 2411 1159 2434 corona.
