1653 2656
775 123 1038 159 —239—

552 217 583 248 6.
612 215 725 250 Gloria
752 228 822 251 curn
850 224 943 261 patre
967 222 1010 254 sit
1036 223 1143 263 genito

611 264 810 308 Spirituique
836 278 928 301 sacro
953 271 996 302 sit
1021 271 1133 311 honor,

611 313 746 347 Saecula
773 317 826 356 qui
854 318 936 358 regit
962 327 1001 350 ac
1026 323 1165 359 reparat,

611 362 703 402 Quod
727 364 913 404 placeamus
940 366 979 405 ei,
1008 365 1119 400 faciat.

308 440 396 469 Brev.
418 443 599 472 Auxitanum
622 447 692 483 imp.
714 449 808 476 Auxis
833 448 915 478 1533.
937 466 973 470 —-

629 578 696 610 397.
738 581 780 612 Dc
802 589 825 612 s.
847 581 948 614 Maria
972 583 1167 623 Magdalena.

785 649 840 678 Ad
862 653 1018 681 Laudes.

478 727 508 758 1.
535 727 667 759 Festum
694 729 820 762 Mariae
847 740 1039 765 veneremur
1064 744 1172 766 omnes

532 775 708 808 Criminum
737 779 829 810 noxis
857 780 982 812 veniam
1009 786 1178 821 precantes

529 824 636 864 Atque
663 825 818 858 solvendo
843 828 968 866 pariter
995 838 1145 862 canamus

633 873 743 905 Munia
773 875 914 908 laudum.

475 958 506 989 2.
533 958 586 989 Ad
612 959 713 998 pedes
740 961 812 992 Iesu
839 963 969 994 veniens
996 964 1128 1003 resedit,

535 1005 660 1039 Uberes
687 1008 773 1040 rivos
800 1009 1007 1041 lacrimarum
1035 1012 1135 1051 dedit,

535 1053 658 1093 Spiritu
685 1060 796 1088 sancto
822 1059 941 1089 meruit
968 1059 1087 1098 repleri

630 1103 796 1136 Daemone
821 1106 929 1145 plena.

469 1188 501 1221 3.
530 1189 629 1220 Porta
655 1191 718 1221 vim
744 1193 834 1232 regni
860 1194 984 1232 patitur
1010 1196 1154 1237 superni⁷

526 1237 611 1269 Dum
638 1240 750 1278 procul
778 1240 873 1280 pellit
898 1242 1014 1273 mulier
1041 1248 1163 1275 reatum

526 1284 630 1325 Seque
655 1289 908 1320 transscendens
935 1291 1096 1323 violenter
1122 1292 1238 1332 ipsam,

626 1335 761 1367 scandit
787 1338 829 1368 ad
856 1342 957 1372 astra.

463 1420 495 1452 4.
523 1419 620 1460 Laus,
650 1422 760 1464 honor,
789 1423 891 1455 virtus
919 1425 1013 1456 simul
1041 1430 1071 1457 et
1099 1431 1242 1466 potestas

524 1467 572 1500 Sit
599 1469 667 1501 Deo
694 1471 780 1510 patri
808 1472 999 1513 genitaeque
1026 1475 1110 1515 proli

522 1517 565 1548 Et
592 1518 651 1550 tibi
678 1528 819 1559 compar,
848 1521 1014 1561 utriusque
1041 1521 1169 1563 flamen,

623 1566 735 1599 Gloria
761 1577 898 1608 semper.

291 1649 376 1676 Brev.
400 1650 582 1679 Auxitanum
604 1653 674 1688 imp.
697 1654 789 1681 Auxis
816 1653 899 1683 1533.

612 1795 680 1827 398.
724 1797 765 1828 De
787 1806 812 1829 s.
834 1797 935 1829 Maria
954 1799 1154 1840 Magdalena.

724 1869 765 1895 In
789 1867 813 1895 1.
836 1869 1038 1898 Nocturno.

212 1942 242 1976 1.
269 1942 364 1975 Nunc
389 1943 516 1976 Mariae
542 1945 757 1986 Magdalenae
909 1951 941 1982 2.
969 1949 1066 1982 Cuius
1093 1950 1209 1982 sistens
1236 1952 1380 1992 vestigiis

269 1992 450 2032 Pangamus
476 1996 552 2025 vota
579 1995 730 2038 carmine,
966 1998 1058 2030 Haec
1084 2000 1186 2031 sacris
1213 2000 1292 2032 lavit
1319 2001 1462 2032 lacrimis

267 2041 355 2081 Quae
381 2042 499 2074 meruit
526 2042 662 2084 diligere
968 2047 1112 2087 Tergens
1140 2049 1268 2088 capillis
1295 2050 1411 2092 capitis

267 2089 431 2123 Christum
457 2094 526 2123 toto
552 2093 729 2126 conamine.
968 2095 1011 2127 Et
1039 2096 1162 2128 crebris
1189 2097 1332 2130 mulcens
1358 2099 1486 2132 osculis.

559 2180 592 2212 3.
619 2180 726 2220 Ipsius
753 2181 820 2213 lota
846 2190 978 2214 munere

618 2228 698 2261 Mox
725 2233 774 2261 est
800 2229 842 2262 ab
869 2231 955 2262 omni
982 2231 1133 2272 crimine;

617 2277 707 2309 Deus
733 2287 792 2310 nos
819 2278 887 2310 eius
912 2279 1064 2319 precibus

617 2325 756 2359 Mundet
782 2327 925 2368 peccatis
952 2329 1112 2363 omnibuS.

223 2447 262 2476 dd
281 2409 487 2477 Collecti2mS.
513 2410 750 2440 Gemmeticense
779 2421 859 2442 saec.
889 2411 932 2441 10.
962 2415 1002 2441 in.
1025 2414 1096 2442 Cod.
1121 2416 1316 2452 Rotomagen.
1343 2415 1381 2446 26
1401 2418 1437 2452 (A
1467 2418 1542 2454 292).

204 2456 221 2476 a
264 2468 271 2475 .
292 2457 369 2477 saec.
430 2469 437 2476 .
