1653 2656
690 148 950 182 —216—

569 239 628 271 361.
670 240 711 272 De
733 250 757 272 s.
779 241 960 273 Katharinu
981 242 1120 274 Senensi.

720 301 772 329 Ad
801 303 954 331 Laudes.

449 379 478 409 1.
507 378 630 418 Sponsa
656 380 802 411 caelestis
829 389 982 421 generosa
1008 383 1091 422 regis

507 426 640 458 Scandit
665 432 812 459 aeternos
838 428 994 461 thalamos
1019 431 1145 470 quietis7

505 474 603 512 Quam
632 475 696 514 poli
724 476 817 508 divae
843 477 1007 510 celebrant
1032 487 1202 512 camoenae

647 523 812 556 Laudibus
836 525 964 565 amplis,

445 609 476 640 2.
504 609 607 640 Aucta
634 609 784 641 virtutum
812 611 934 642 meritis
960 621 1087 644 suarum

502 655 618 698 Fulget
643 657 804 689 immensis
830 659 1008 691 Katharina
1033 661 1142 701 signis,

501 703 584 735 Dum
610 714 723 744 graves
749 706 875 738 morbos
902 706 993 749 fugat
1018 713 1088 740 orta
1115 710 1234 741 mundo

643 753 743 785 Stella
769 754 918 788 salubris.

441 839 472 869 3.
501 838 603 879 Saepe
630 839 739 870 civiles
765 840 916 872 cohibens
943 841 1065 874 furores

500 885 613 917 Servat
640 896 655 918 a
684 888 808 928 magnis
833 890 968 929 populos
995 891 1134 933 periclis⁷

499 933 598 966 Recta
622 943 812 975 componens
840 938 937 969 Italas
964 947 1021 978 per
1046 939 1142 971 urbes

640 982 785 1015 Foedera
811 985 909 1023 pacis.

442 1070 473 1099 4.
500 1068 596 1107 Virgo
623 1068 723 1100 divini
750 1069 893 1101 studiosa
919 1071 1018 1112 verbi,

497 1115 619 1154 Spiritu
644 1121 767 1156 martyr
792 1117 928 1149 Domino
955 1119 1070 1158 dicata,

497 1162 590 1194 Clara
619 1164 776 1203 portentis
802 1174 899 1204 genus
926 1175 1017 1197 omne
1043 1167 1147 1198 laudis

638 1211 753 1251 Attigit
780 1212 852 1244 ista.

437 1297 466 1327 5.
496 1295 588 1327 Unde
613 1300 662 1327 ter
688 1295 764 1328 felix
792 1301 904 1337 quater
929 1303 960 1330 et
986 1299 1078 1331 beata

495 1344 531 1374 Iu
557 1344 627 1375 sinu
653 1346 761 1384 sponsi
788 1346 941 1385 requievit
967 1347 1052 1384 almi,

494 1391 580 1422 Inter
604 1391 745 1423 illustres
771 1394 891 1424 animas
918 1394 1017 1426 relata

635 1439 704 1470 Lux
730 1450 811 1472 nova
837 1441 926 1473 caeli.

438 1525 469 1557 6.
497 1524 543 1556 Sit
570 1524 654 1556 Deus
682 1526 761 1557 caeli
787 1527 930 1559 residens
956 1528 988 1559 in
1014 1538 1098 1567 arce,

493 1572 609 1603 Triuus
635 1578 665 1604 et
691 1574 827 1613 simplex
854 1575 1040 1607 benedictus
1067 1578 1130 1614 ille,

492 1620 551 1659 Qui
577 1624 689 1659 potens
716 1626 815 1653 totum
843 1623 949 1654 stabili
974 1624 1129 1663 gubernat

634 1668 754 1700 Ordine
781 1671 941 1703 mundum.

247 1751 366 1787 Antiph.
393 1761 444 1778 ms.
467 1752 495 1779 S.
518 1752 699 1780 Katharinae
720 1754 902 1782 Divodureu.
923 1765 998 1784 saec.
1025 1756 1066 1784 14.
1089 1759 1158 1786 Cod.
1182 1760 1316 1787 Vatican.
1339 1771 1360 1788 s.
1383 1771 1411 1790 n.
1432 1762 1485 1796 (ol.

174 1787 226 1816 122
251 1790 314 1823 bis).
337 1790 401 1816 add.
423 1799 498 1817 saec.
522 1790 563 1818 15.
585 1806 622 1809 —
643 1789 668 1823 3,
691 1790 708 1818 3
728 1792 812 1819 Itala⁴
828 1807 865 1811 —
879 1794 947 1821 Mel.
969 1795 1064 1822 dieses
1086 1797 1145 1823 und
1167 1797 1218 1825 der
1239 1799 1343 1827 beiden
1366 1801 1485 1830 vorhez-

167 1827 318 1863 gehenden
340 1829 490 1863 Hymnen:
513 1831 555 1857 Ut
582 1833 717 1865 queant
745 1831 849 1858 laxis.

543 1979 609 2010 362.
652 1980 691 2011 De
713 1989 736 2011 s.
759 1981 939 2014 Katharina
960 1984 1097 2015 Sueeiea.

165 2070 196 2102 1.
226 2069 348 2109 Gaude,
376 2071 472 2103 decus
498 2071 656 2113 Osgotiae‚
852 2075 883 2108 3.
911 2073 1060 2106 Sanctum
1087 2085 1177 2108 suum
1204 2080 1402 2119 propositum

225 2117 360 2149 Sanctae
386 2118 542 2158 Birgittae
567 2118 643 2159 filia,
912 2122 1069 2155 Perornat
1095 2133 1165 2156 cum
1192 2127 1373 2170 virtutibus,

225 2165 365 2197 Patrona
389 2170 457 2198 esto
482 2166 614 2199 Sueciae
911 2170 955 2202 Ut
979 2175 1104 2211 gratum
1131 2174 1247 2206 reddat
1271 2176 1432 2216 spiritum,

225 2213 314 2245 Caeli
340 2218 451 2246 tenens
477 2213 615 2256 fastigia.
910 2217 1097 2252 Conformat
1121 2230 1154 2253 se
1181 2223 1385 2257 caelestibus.

162 2299 198 2332 2.
226 2299 316 2330 Haec
340 2300 372 2331 in
399 2304 503 2332 aetate
529 2306 638 2333 tenera
852 2306 885 2336 4.
912 2305 1002 2336 Haec
1023 2306 1198 2340 honestatis
1223 2312 1398 2355 speculum,

225 2346 383 2379 Gustabat
407 2349 468 2382 Dei
494 2359 635 2387 munera,
911 2353 1043 2386 Paravit
1069 2355 1264 2390 domicilium

223 2395 422 2436 Amplexans
448 2397 501 2437 pia
526 2406 624 2438 opera
911 2401 1061 2444 Christo,
1089 2408 1294 2439 contemnens
1319 2411 1482 2444 saeculum

223 2442 306 2475 Fide
335 2446 552 2478 transscendit
577 2446 694 2481 sidera.
910 2450 1109 2491 Carnaleque
1137 2455 1326 2496 contagium.
