1653 2656
739 136 999 171 -154—

457 236 511 269 17.
539 235 644 268 Patris
667 233 790 267 aeterni
815 231 1006 265 fabricantis
1031 229 1178 262 aethram

535 283 614 315 Eius
640 287 670 314 et
696 282 763 314 nati
787 279 975 313 redimentis
998 277 1119 317 orbem,

536 330 676 370 Spiritus
701 329 803 361 sancti
826 327 1008 360 celebretur
1030 335 1094 357 una

613 378 727 410 Gloria
753 385 878 417 perpes.

290 465 372 491 Pass.
404 472 456 490 ms.
485 465 514 490 S.
542 463 634 498 Eligii
664 463 838 489 Novioruen.
869 469 946 487 saec.
979 457 1052 486 ¹⁰³n.
1078 458 1150 485 Cod.
1178 456 1422 492 Sangenovefian.
1454 453 1532 483 3013

212 503 264 532 (Hl
286 500 373 529 V111⁰
397 500 435 535 2.)
457 515 491 520 ——
513 501 547 533 4.
578 500 591 528 1
615 501 724 528 clodos.
749 513 785 518 -
806 498 838 531 6,
867 497 880 525 1
903 502 932 525 et
952 506 1050 533 quam.
1073 511 1107 515 -
1130 495 1160 529 7,
1186 495 1199 523 1
1221 498 1368 523 correctos
1389 495 1533 529 variaque

214 543 314 576 pestis.
330 556 365 559 —
387 538 413 571 8,
438 539 451 566 1
474 544 572 575 typuS.
587 555 623 558 —
641 538 684 570 10,
707 538 719 565 1
743 541 864 565 mortem
886 545 977 564 suam.
996 550 1033 554 —
1050 534 1094 570 12,
1119 534 1132 562 1
1149 534 1310 562 immundo.
1326 549 1362 553 —
1377 533 1532 560 Verfasser

214 580 263 606 cles
286 580 420 614 Hymnus
442 579 547 604 Vitus
568 578 677 604 Felix
697 577 869 603 decanus.
909 575 951 602 Es
972 575 1070 610 folgen
1091 573 1219 601 niimlich
1241 572 1294 600 auf
1310 572 1470 600 denselben
1484 571 1533 598 die

213 618 303 643 Verse
315 628 320 643 :

440 655 572 689 Virginis
594 654 745 689 angelicae
766 653 870 683 cernis,
892 652 992 682 lector,
1014 650 1182 678 Genovefae

442 693 582 723 Virtutes,
604 692 713 718 Vitus
736 691 845 718 Felix
866 690 958 717 levita
980 690 1075 725 piavit

444 731 606 758 Nobilitate
629 730 691 756 illic
712 729 828 765 fulgens
849 732 878 756 et
898 729 1009 756 honore
1031 728 1167 758 decanus

447 770 572 796 Cernere
593 770 643 804 qui
665 777 777 795 sacram
802 768 910 803 iugiter
931 767 1107 793 sublimibus
1128 765 1211 792 ardet
1232 769 1286 792 etc.

294 846 357 881 Vgl.
380 847 546 880 Saintvoes,
568 845 657 871 PMB.
679 845 733 871 Vie
754 844 789 870 de
814 845 909 870 sainte
929 841 1105 873 Geneviieve.
1127 842 1211 868 Paris
1236 839 1318 872 1846,
1341 850 1367 876 p.
1383 840 1530 876 CXXIX.;

218 885 343 913 Koliler‚
369 883 420 910 Ch.
442 883 546 921 Etude
559 885 682 918 critique
705 891 754 909 sur
774 883 804 909 la
823 883 871 908 vie
892 881 927 908 de
949 883 1044 908 sainte
1065 879 1232 908 Genevieve
1252 880 1338 911 (Bibl.
1361 879 1395 906 de
1417 877 1529 905 l'Ecole

215 924 266 949 des
289 923 403 948 ehartes
425 922 494 948 fasc.
516 921 572 953 48).

640 1051 707 1081 260.
750 1051 790 1081 De
811 1052 920 1082 saneta
941 1049 1108 1081 Genovefa.

220 1145 248 1174 1.
277 1143 313 1173 In
340 1142 506 1181 praeclara
533 1139 715 1173 Genovefae
927 1141 956 1172 7.
984 1140 1080 1172 cuius
1107 1139 1242 1170 illustris
1269 1138 1418 1178 praevius

278 1189 421 1229 Virginis
447 1189 633 1220 celebritate
984 1187 1071 1218 Nutu
1099 1187 1207 1218 divino
1234 1186 1364 1217 effectus

277 1237 463 1276 Apostolica
490 1237 619 1267 resultet
983 1237 1032 1266 Ae
1058 1235 1195 1266 enormis
1222 1234 1463 1274 paranymphus

278 1285 370 1316 Omni
394 1285 489 1315 laude
516 1284 661 1315 ecclesia.
983 1282 1184 1315 Ornamentis
1211 1282 1424 1321 sponsalibus,

219 1372 250 1401 2.
279 1369 410 1401 Sincera
437 1369 544 1400 cordis
570 1369 602 1399 in
629 1378 685 1400 ara
928 1368 959 1401 8.
987 1368 1076 1400 Sacri
1103 1368 1334 1399 nummismatis
1361 1368 1489 1400 Christo

279 1417 363 1447 Litet
389 1421 479 1456 grata
505 1416 657 1447 libamina
988 1416 1066 1455 Regi
1092 1416 1200 1454 nupsit
1226 1416 1366 1457 sidereo,

278 1466 384 1504 Atque
412 1473 488 1495 voce
514 1464 698 1504 hymnidica
991 1465 1154 1494 lnstruens
1181 1464 1291 1503 sponsi
1318 1464 1459 1495 thalamo

279 1512 455 1552 Concrepet
483 1513 623 1543 carmina
650 1512 756 1556 dictis.
987 1511 1156 1542 Excubare
1182 1512 1367 1551 praecipuo.

219 1600 253 1631 3.
281 1599 369 1629 Inter
395 1598 510 1637 ignitos
536 1598 661 1636 lapides
931 1602 962 1630 9.
989 1599 1075 1637 Quae
1101 1599 1205 1637 primo
1231 1597 1310 1629 flore
1338 1598 1490 1630 virtutum

278 1646 408 1677 Aeterni
437 1645 627 1676 diadematis
986 1645 1139 1676 Fructum
1165 1646 1301 1685 protulit
1328 1647 1467 1685 luminis,

279 1693 411 1725 Gemma
436 1693 496 1724 Dei
523 1691 687 1724 Genovefa
986 1694 1075 1733 Quod
1104 1694 1134 1724 in
1162 1694 1313 1733 propriae
1339 1695 1491 1726 amissum

279 1742 314 1772 ln
342 1741 499 1772 aethereis
525 1741 659 1772 adnexa.
986 1741 1095 1773 Salute
1122 1742 1246 1773 revexit
1271 1743 1393 1775 matris.

218 1831 251 1861 4.
279 1827 434 1858 Perennis
461 1835 558 1858 ovans
584 1826 704 1865 gloriae
903 1828 958 1860 10.
987 1827 1105 1858 Urbem
1133 1829 1275 1868 protexit
1301 1829 1446 1861 hostibus

278 1875 394 1915 Fulget
418 1874 567 1913 lampade
593 1883 775 1915 coruscans,
988 1876 1181 1907 Parisiacam
1208 1877 1368 1916 precibus,

279 1923 438 1963 virgineis
464 1924 573 1953 iuncta
599 1921 703 1953 choris
986 1924 1150 1961 Quondam
1166 1926 1536 1959 transscendensterrea

279 1973 387 2003 Aurea
413 1970 556 2010 possidet
583 1974 680 2002 astra.
988 1971 1096 2011 Regna
1122 1973 1237 2011 petivit
1263 1973 1368 2006 beata.

220 2061 251 2091 5.
277 2059 314 2090 In
340 2057 498 2096 terrisque
523 2057 697 2088 innumeris
904 2058 958 2090 11.
985 2059 1106 2089 Averni
1133 2059 1273 2091 claustra
1299 2061 1439 2094 deducta

279 2105 492 2137 Praenitescit
517 2104 687 2145 prodigiis,
986 2106 1083 2145 Virgo
1109 2109 1286 2146 permansit
1311 2109 1436 2151 illaesa,

278 2154 378 2193 Quam
403 2153 542 2185 excoluit
567 2152 674 2184 Gallia
990 2153 1051 2186 Ubi
1079 2156 1195 2194 gaudia
1220 2156 1377 2189 iustorum

278 2202 467 2233 Immensam
493 2200 542 2232 sui
568 2200 712 2241 gloriam.
988 2203 1125 2234 Poenam
1152 2204 1233 2235 vidit
1259 2209 1291 2237 et
1316 2207 1484 2241 malorum.

221 2291 251 2319 ιῐ.
278 2288 377 2327 Quam
404 2295 480 2318 vero
505 2287 601 2318 stella
627 2286 774 2318 caelestis
909 2288 963 2320 12.
991 2288 1033 2319 Et
1060 2287 1205 2330 regressa
1231 2301 1250 2323 a
1275 2292 1401 2332 superis

279 2334 469 2368 Climatibus
495 2335 637 2366 occiduis
933 2375 939 2380 ¹
990 2336 1110 2369 Domus
1137 2340 1245 2378 pudici
1272 2341 1414 2380 pectoris

279 2383 346 2415 Eoo
374 2383 502 2415 veniens
528 2383 656 2423 praesul
989 2385 1092 2416 Valde
1118 2389 1285 2421 tremenda
1311 2390 1474 2423 nonnullis

279 2431 413 2470 Reperit
439 2432 513 2463 olim
542 2431 732 2464 Germanus.
989 2433 1138 2467 Prodidit
1165 2437 1293 2469 occulta
1318 2438 1437 2472 cordis.
