1653 2656
727 119 965 154 -42-

190 223 219 255 7.
247 221 412 262 Columba,
439 229 520 261 quae
545 217 730 258 adportavit
871 217 902 249 8.
931 212 1059 246 Rectori
1085 209 1338 242 hierarchiarum

294 270 357 303 Ore
383 270 489 301 virens
515 268 628 307 lilium,
979 262 1074 300 Laus,
1101 259 1203 290 honor
1228 257 1271 288 sit
1294 255 1445 296 simplici,

248 319 312 350 Per
336 327 430 358 quam
457 316 605 349 Christus
629 313 785 354 mitigavit
930 311 990 350 Qui
1015 316 1145 340 numero
1171 313 1380 346 personarum

295 366 459 398 Inundans
485 363 650 399 diluvium,
979 355 1194 396 Distinguitur
1218 352 1352 393 triplici,

250 414 338 446 Haec
364 418 412 445 est
437 413 537 452 virgo,
564 419 643 451 quae
669 409 802 442 lactavit
932 406 1030 439 Vultu
1056 409 1087 436 et
1113 402 1214 442 gloria
1240 409 1374 441 quarum

298 463 432 494 Portans
458 460 519 492 Dei
544 458 656 492 filium.
983 454 1166 486 Mereamur
1195 449 1296 481 refici.

268 548 353 574 Brev.
375 555 427 573 ms.
449 545 630 572 Senoniense
649 542 777 576 (Claudii
791 543 914 577 [acquot
933 540 968 566 de
983 538 1176 568 Chaimoniis)
1197 535 1267 562 anni
1284 532 1355 562 1577
1375 546 1407 552 -
1425 529 1508 559 1580.

192 586 260 613 cod.
286 585 450 621 Spinalien.
474 582 525 610 161
547 580 612 614 (763.
636 596 673 600 —
693 580 720 613 4,
743 580 757 608 1
780 584 825 608 est
844 579 924 607 fehlt.
945 593 983 598 —
1004 575 1029 609 7,
1051 576 1068 603 5
1090 580 1134 603 est
1154 574 1234 602 fehlt.

571 705 611 735 61.
653 703 686 734 ln
707 701 909 742 conceptione
929 701 1042 731 Beatae
1064 698 1127 729 MV.

696 765 735 790 In
763 762 786 790 1.
814 762 1005 796 Vesperis.

1437 748 1447 763 X

198 848 229 877 1.
260 845 438 884 Conceptus
464 843 567 874 almae
592 841 725 881 virginis
881 840 913 872 3.
939 838 1025 877 Ergo
1050 840 1094 878 tu,
1121 843 1202 875 quae
1228 832 1418 873 conciperis,

254 893 378 924 Mariae
404 892 477 923 novi
502 890 629 921 luminis
940 887 1082 924 Impetra
1107 893 1164 915 nos
1190 892 1209 914 a
1235 882 1369 913 crimine

257 941 317 972 Est
343 939 488 971 omnibus
508 938 633 969 initium
940 933 1092 972 Abstergi
1119 931 1232 970 culpae
1258 929 1375 960 veteris

256 988 344 1020 Dans
370 987 481 1018 salutis
509 985 692 1016 remedium.
942 982 970 1013 A
997 981 1065 1012 veri
1091 979 1168 1010 solis
1194 978 1323 1011 lumine.

198 1076 229 1107 2.
259 1075 422 1112 Concepta
449 1070 507 1102 fuit
534 1070 629 1101 hodie
883 1070 915 1101 4.
943 1067 1040 1105 Laus,
1067 1066 1167 1096 honor
1193 1068 1224 1095 et
1249 1062 1430 1094 sublimitas

258 1122 363 1154 Causa
388 1118 637 1158 misericordiae,
943 1114 1014 1146 Tibi
1041 1114 1115 1151 sint,
1143 1121 1219 1144 vera
1244 1110 1359 1147 unitas,

258 1169 307 1200 De
332 1177 393 1208 qua
421 1167 565 1198 Christus
591 1164 732 1196 iustitiae
944 1163 980 1193 In
1006 1161 1128 1193 unitate
1154 1160 1281 1191 trinitas

260 1216 314 1248 Sol
340 1210 428 1246 ortus
455 1218 501 1245 est
528 1218 559 1244 et
585 1212 705 1245 veniae.
947 1211 1009 1242 Per
1032 1217 1141 1240 omnes
1165 1207 1275 1239 mundi
1300 1206 1441 1239 semitas.

279 1303 360 1328 BreV.
385 1299 594 1326 Aurelianense
616 1298 683 1332 imp.
706 1306 729 1323 s.
750 1297 769 1323 l.
791 1300 820 1323 et
840 1304 865 1322 a.
889 1292 997 1330 [1510]

575 1420 623 1450 62.
663 1418 696 1449 In
719 1416 919 1457 Conceptione
941 1416 1056 1447 Beatae
1079 1415 1141 1445 MV.

702 1478 751 1505 Ad
776 1477 1015 1504 Matutinum.

205 1564 235 1594 1.
264 1560 482 1592 Annuntiatur
508 1558 640 1589 caelitus
888 1557 919 1587 3.
947 1554 1029 1586 Dum
1055 1563 1183 1585 auream
1209 1552 1390 1592 ingreditur

263 1609 353 1640 Haec
377 1608 501 1639 Mariae
528 1605 704 1646 conceptio,
946 1602 1087 1633 Ioachim
1113 1606 1249 1641 portam,
1277 1601 1391 1632 obviae

266 1657 327 1687 Per
351 1664 443 1695 quam
469 1654 610 1693 exspirat
638 1653 764 1694 penitus
948 1650 1099 1681 Gaudens
1125 1650 1215 1680 uxori
1244 1649 1402 1690 redditur,

265 1703 393 1736 Peccati
419 1701 608 1742 subiugatio.
950 1700 1062 1729 Annae
1092 1701 1215 1728 cessant
1241 1697 1416 1737 angustiae.

206 1792 237 1823 2.
264 1791 372 1828 Pater,
395 1789 448 1828 qui
471 1788 709 1827 desperaverat,
891 1787 923 1818 4.
950 1784 1044 1819 Laus,
1071 1783 1172 1814 honor
1197 1788 1227 1813 et
1253 1782 1433 1814 sublimitas

266 1838 345 1876 Quia
371 1837 457 1868 Deus
484 1845 546 1866 non
573 1835 705 1866 dederat
953 1831 1024 1863 Tibi
1051 1832 1126 1871 sint,
1151 1840 1226 1862 vera
1252 1831 1370 1870 unitas,

268 1885 431 1919 Fructum,
460 1883 541 1914 redit
569 1883 609 1914 ad
636 1882 768 1921 propria
954 1881 990 1912 In
1015 1880 1137 1910 unitate
1163 1879 1300 1917 trinitas,

269 1932 493 1972 Conceptionis
519 1931 631 1970 gratia.
952 1929 1014 1960 Per
1038 1936 1145 1958 omnes
1172 1928 1281 1958 mundi
1307 1928 1447 1960 semitas,

284 2020 367 2046 Brev.
390 2017 601 2044 Aurelianense
623 2017 692 2050 imp.
716 2024 738 2041 s.
760 2015 778 2041 l.
801 2018 829 2041 et
849 2023 875 2041 a.
897 2011 1004 2049 [1510]

586 2137 631 2168 63.
672 2137 706 2168 ln
728 2136 930 2176 Conceptione
952 2135 1069 2166 Beatae
1092 2135 1152 2165 MV.

754 2196 804 2224 Ad
824 2195 978 2223 Laudes.

213 2282 244 2313 1.
273 2281 335 2312 Per
360 2284 480 2310 terram
506 2276 607 2309 Israel
633 2279 724 2307 tonat
897 2275 930 2306 2.
958 2273 1025 2305 Nos
1051 2274 1244 2314 gaudeamus
1271 2276 1367 2307 etiam

272 2328 360 2360 Dans
387 2326 473 2358 fama
500 2326 586 2357 vocis
612 2324 773 2366 gaudium,
957 2321 1010 2353 Ad
1037 2323 1148 2354 summi
1174 2323 1275 2363 patris
1301 2324 1445 2367 gloriam,

272 2375 435 2408 Adfinium
460 2374 530 2406 laus
556 2376 685 2405 resonat
957 2370 1017 2410 Qui
1046 2379 1106 2410 per
1129 2377 1302 2411 conceptae
1329 2374 1465 2414 gratiam

272 2425 309 2456 In
336 2426 511 2463 conceptae
537 2421 752 2462 praeconium.
958 2418 1126 2450 Laetificat
1151 2421 1331 2453 ecclesiam.
