1653 2656
740 164 1002 200 —273—

209 242 240 276 3.
267 243 365 277 Anno
391 248 550 282 scandens
576 253 728 295 vigesimo

268 291 432 328 Diaconus
456 302 505 330 est
529 301 708 344 ordinatus,

265 340 410 376 Maximo
435 345 599 382 desiderio

266 388 401 424 Romam
427 393 475 426 ire
503 395 693 434 declinatus.

906 267 937 299 4.
967 266 1098 301 Ceteros
1125 272 1186 304 sibi
1213 275 1344 308 ordines

965 315 1084 356 Magno
1111 328 1181 352 cum
1209 327 1283 355 voto
1309 326 1462 366 suscepit,

967 364 1060 396 Alios
1086 367 1172 400 inter
1197 370 1315 404 milites

961 410 1096 446 Sanctus
1123 425 1193 448 eum
1221 419 1335 452 Petrus
1362 423 1494 462 recepit.

566 517 597 548 5.
624 517 715 557 Quod
742 520 769 552 is
795 524 864 555 auri
890 529 1113 566 perpendebat

625 564 734 599 Sacris
762 569 802 600 de
829 573 959 613 scriptis
981 576 1147 618 pabulum,

621 613 726 646 Corde
751 626 830 650 sano
855 621 1057 662 adimplebat

623 661 846 706 Cunctumque
874 669 966 702 docet
993 675 1156 713 populum.

275 766 397 795 Collect.
426 779 479 798 ms.
502 773 620 802 Cardin.
648 776 684 803 de
705 778 735 804 S.
758 778 899 809 Severina
929 787 998 812 anni
1023 785 1104 814 1529.
1128 789 1196 817 Cod.
1220 793 1306 820 Arch.
1333 795 1469 824 Vaticani
1493 799 1520 826 X

195 800 241 832 89.
265 819 302 823 —
315 804 342 838 4,
365 806 383 833 4
404 810 522 838 resedit.
536 827 573 830 —
588 815 701 841 Doxol:
725 817 787 845 Deo
809 822 897 854 patri.
913 837 948 841 --
964 825 1037 852 Sind
1061 826 1142 855 diese
1157 829 1213 856 Str.
1236 831 1319 859 nicht
1332 833 1523 870 Antiphonen

195 842 276 869 eines
299 844 461 881 Officiums,
482 849 531 877 die
552 852 717 881 irrtiimlich
739 856 783 883 als
806 859 942 893 Hymnus
964 864 1124 899 aufgefasst
1145 868 1287 897 wurden‘?

522 1100 527 1107 .
575 1079 644 1111 458.
685 1082 728 1113 De
748 1092 773 1114 s.
796 1085 942 1128 Philippo
962 1090 1141 1130 Argirione.

733 1173 785 1200 Ad
812 1175 969 1205 Laudes.

453 1283 483 1317 1.
511 1284 608 1327 Mira,
640 1288 715 1320 dum
742 1290 832 1329 vixit,
860 1295 1009 1328 miranda
1035 1303 1108 1338 post
1135 1310 1250 1342 corpus

515 1333 686 1367 Traditum
714 1337 808 1370 humo
835 1342 902 1381 agit
928 1343 1079 1389 virtuose,

510 1381 548 1413 In
575 1383 686 1416 tumba
712 1387 779 1419 eius
806 1390 975 1423 sanitatem
1002 1401 1130 1427 sumunt

587 1431 704 1464 Omnes
730 1434 928 1476 languentes¹

447 1544 478 1576 2.
505 1546 667 1587 Quotquot
693 1551 735 1582 ad
762 1553 828 1584 eius
857 1556 1011 1588 tumulum
1038 1561 1208 1604 accedunt,

506 1593 563 1626 Vel
592 1601 800 1636 asportantur
826 1602 969 1643 languidi
998 1608 1047 1638 vel
1075 1609 1164 1649 laesi,

502 1642 619 1676 Omnes
647 1652 801 1680 curantur
825 1650 866 1683 ob
893 1654 979 1685 omni
1002 1655 1165 1701 languore,

580 1694 648 1733 Quo
671 1697 849 1735 patiuntur.

437 1806 470 1838 3.
494 1806 592 1850 Ecce,
619 1812 782 1855 sacerdos,
810 1816 862 1856 qui
890 1818 923 1850 in
951 1818 1064 1852 diebus
1090 1824 1156 1855 suis

495 1856 622 1890 Placuit
648 1859 726 1903 Deo,
755 1863 903 1898 inventus
930 1871 979 1899 est
1005 1869 1118 1915 iustus,

493 1904 572 1938 Ideo
598 1908 713 1941 stolam
740 1911 846 1945 induit
873 1917 1010 1948 eundem

570 1955 701 1990 Gloriae
727 1969 814 1996 suae.

428 2070 460 2102 4.
489 2070 523 2102 Si
550 2081 629 2112 quos
655 2077 812 2119 contingit
839 2080 994 2114 daemone
1026 2089 1168 2125 vexatos,

487 2119 572 2158 Quos
598 2131 658 2162 per
685 2125 746 2157 vim
775 2127 869 2160 decet
895 2130 1015 2162 adduci
1043 2133 1169 2176 ligatos,

485 2167 569 2200 Dum
597 2172 637 2203 ad
667 2174 810 2207 eiusdem
840 2177 983 2210 tumbam
1010 2181 1283 2229 adpropinquant,

560 2218 803 2256 Deliberantur.

421 2332 453 2363 5.
480 2332 506 2364 Ο
532 2333 671 2373 gloriose
698 2339 851 2382 Philippe
877 2343 1053 2387 confessor,

479 2380 609 2415 Exaudi
636 2395 748 2427 preces
775 2389 835 2421 tibi
862 2392 1114 2438 supplicantum,

477 2428 523 2462 Ut
547 2431 651 2465 aulam
679 2436 743 2468 tuis
769 2439 893 2472 meritis
919 2443 1078 2481 possimus

554 2479 687 2521 Ingredi
714 2486 805 2520 caeli.

204 2529 345 2561 Dreves,
365 2533 469 2564 Hymni
486 2536 600 2564 Inediti.
634 2541 697 2565 vn.
1274 2554 1309 2584 18
