1653 2656
693 136 741 142 -
790 117 836 152 43
887 137 931 142 -

143 217 175 250 3.
204 215 274 248 Pax
300 215 406 258 detur,
434 216 522 248 salus
547 215 695 248 omnibus
840 218 872 247 4.
900 213 996 251 Laus.
1021 213 1123 245 honor
1149 217 1181 244 et
1206 212 1386 244 sublimitas

204 263 285 296 Tam
312 264 503 296 excellentis
535 264 682 296 dominae
901 261 975 294 'ribi
1001 262 1075 299 sint,
1103 270 1180 293 vera
1205 261 1325 302 unitas,

204 312 405 354 Conceptum
433 313 671 345 celebrantibus
902 311 938 342 In
965 310 1087 342 unitate
1111 310 1249 350 trinitas,

204 361 235 394 A
261 370 339 393 suae
365 362 467 401 prolis
493 361 632 393 numine.
900 358 964 390 Per
989 367 1099 390 omnes
1126 358 1237 389 mundi
1263 357 1404 389 semitas

223 448 310 474 Brev.
334 447 549 475 Aurelianense
571 447 640 482 imp.
665 455 686 473 s.
710 446 730 473 l.
752 449 780 473 et
801 454 827 473 a.
849 442 958 481 [1510]

600 598 648 629 6⁴.
688 597 722 628 ln
745 597 925 628 Nativitata
947 596 1033 627 mlv.

438 680 470 714 1.
498 679 637 719 Fulgent
667 687 782 718 magna
808 685 920 709 sacrae
947 675 1029 708 festa
1055 676 1192 712 Mariae,

496 727 600 760 Huius
626 736 707 766 quae
733 729 864 758 revocat
889 728 974 757 meta
1001 725 1076 763 diei,

494 776 531 807 In
558 784 620 815 qua
645 775 735 814 virgo
762 774 817 814 pia
843 773 972 805 luminis
998 777 1102 804 ortum

499 823 582 855 Toto
607 822 755 862 perpetui
781 822 918 862 protulit
943 821 1025 852 orbi.

438 912 470 942 2.
497 909 678 941 Felix·ista
705 908 773 939 dies
799 916 930 938 munere
956 911 1055 947 tanto,

498 957 622 988 Natalis
649 956 769 987 celebri
796 956 883 987 clara
911 955 1039 996 decore,

497 1008 584 1044 Quae
613 1005 667 1036 dat
692 1004 884 1044 principium
912 1003 1046 1042 virginis
1073 1002 1202 1039 almum,

496 1053 628 1086 Cunctis
655 1053 740 1084 unde
765 1052 851 1083 salus
879 1055 1002 1082 constat
1029 1051 1147 1090 opima.

496 1140 562 1171 Iam
591 1148 673 1170 nunc
699 1139 770 1178 quis
796 1142 902 1169 taceat
929 1146 1076 1177 promere
1103 1137 1227 1177 laudes,

495 1188 540 1220 Ut
566 1197 646 1227 puro
672 1187 777 1218 valeat
805 1186 903 1217 corde
930 1186 1058 1225 precari

494 1236 598 1268 Huius
625 1243 658 1266 se
685 1235 836 1275 precibus
863 1234 1022 1270 auxiliari,

494 1284 556 1316 Per
581 1293 675 1324 quam
703 1283 840 1315 mundus
865 1287 939 1314 ovat
966 1282 1098 1322 auspice
1126 1282 1264 1314 Christo.

437 1142 467 1173 §aa

437 1374 468 1404 4.
496 1372 586 1404 Haec
613 1373 671 1412 est,
697 1370 782 1402 unde
809 1378 902 1401 sacer
927 1370 1062 1408 mystice
1090 1374 1178 1400 vates

497 1419 580 1452 Olim
607 1419 653 1450 sic
680 1418 796 1450 cecinit
822 1422 929 1450 mente
955 1418 1073 1459 sagaci,

498 1469 672 1499 Venturum
700 1466 856 1506 siquidem
883 1466 1048 1508 praescius
1075 1465 1146 1497 aevi

497 1515 647 1548 Sanctum
674 1515 762 1555 virga
791 1515 871 1546 dicit
897 1515 1006 1546 Iessea
1030 1513 1152 1545 florem.

435 1605 467 1636 5.
495 1603 601 1644 Salve,
631 1603 835 1643 christigena,
864 1602 954 1643 virgo
980 1606 1125 1641 venusta,

498 1651 604 1694 Salve,
633 1651 806 1691 conspicuo
833 1651 975 1691 germine
1002 1649 1084 1689 fusa,

495 1699 601 1737 Salve,
629 1709 753 1740 gemma
780 1699 896 1740 nitens,
924 1699 1014 1739 regia
1040 1699 1162 1739 proles,

495 1748 602 1787 Salve,
630 1752 703 1788 post
728 1748 868 1788 genitum
899 1747 1003 1779 forma
1029 1747 1174 1788 pudoris.

437 1836 468 1869 6.
494 1835 599 1875 Nunc,
626 1839 740 1876 mater,
769 1836 921 1875 precibus
947 1834 1054 1866 adnue
1080 1835 1211 1873 nostris,

495 1884 638 1916 Devotas
664 1884 776 1924 populi
803 1884 930 1925 suscipe
958 1883 1081 1920 laudes,

496 1933 540 1966 Ut
566 1938 658 1973 grato
685 1932 797 1964 famuli
824 1941 956 1964 munere
985 1931 1057 1963 fulti

497 1981 607 2014 Salvet
633 1982 751 2022 iugiter
776 1991 834 2013 nos
861 1981 965 2022 gratia
992 1981 1070 2013 nati.

226 2067 347 2096 Collect.
378 2078 430 2095 ms.
467 2067 496 2096 S.
527 2069 679 2096 vincentii
710 2069 818 2096 Meten.
853 2076 928 2094 saec.
959 2066 1031 2094 ¹‘'s‘11.
1057 2067 1127 2094 Cod.
1153 2066 1319 2093 Berolinen.
1342 2065 1483 2101 Phillipp.

151 2105 232 2136 1723.
255 2107 322 2135 add.
345 2116 421 2135 saec.
445 2106 489 2135 11.

563 2211 610 2243 65.
653 2211 686 2242 ln
709 2209 959 2241 Annuntiatione
982 2210 1070 2240 BMV.

150 2297 180 2328 1.
208 2294 405 2337 Mysterium
432 2303 452 2326 a
476 2294 616 2326 saeculis
853 2293 884 2326 2.
913 2292 1054 2323 Verbum
1082 2292 1226 2331 ignotum
1253 2291 1373 2322 homini

207 2343 450 2376 Absconditum
477 2343 508 2374 in
537 2343 640 2375 oculis
911 2341 1132 2372 Annuntiatur
1158 2340 1284 2380 virgini,

209 2392 378 2434 Apparuit
403 2390 548 2424 fidelium
911 2389 960 2420 De
989 2389 1076 2420 verbi
1103 2388 1286 2429 ignorantia

211 2441 275 2474 Per
301 2440 486 2474 Gabrielem
514 2440 674 2472 nuntium.
913 2437 1077 2469 Turbatur
1105 2437 1202 2476 plena
1229 2438 1344 2477 gratia.
