1653 2656
743 140 1006 176 -245—

198 225 234 257 3.
263 225 369 258 Instat
395 229 544 263 doctrina
569 233 749 268 orthodoxa

263 273 370 315 Digna
395 279 529 311 sortitus
555 283 711 326 praemia,

262 323 380 356 Pastor
405 335 500 359 verus
525 328 557 361 in
586 331 717 374 populo,

259 370 408 406 Summus
435 377 588 409 sacerdos
614 380 762 415 rutilans.

194 468 230 499 4.
260 466 392 500 Crebris
419 480 544 512 quoque
570 473 698 506 ieiuniis

259 516 376 549 Carnis
403 521 546 559 reppulit
574 522 663 562 vitia,

258 564 362 605 Saepe
389 567 535 600 docendo
562 571 716 610 populum

256 612 428 646 Destruxit
453 617 564 648 mundi
590 619 688 653 idola.

899 241 931 271 5.
958 239 1095 280 Magnus
1122 242 1246 274 exstitit
1272 243 1415 275 medicus

958 286 1093 320 Infirma
1119 299 1235 322 sanans
1263 300 1409 331 corpora,

957 335 1099 368 Devotas
1125 338 1222 370 solvit
1247 340 1369 371 animas

956 384 1127 417 Possessas
1154 395 1173 418 a
1200 387 1339 421 diabolo.

921 503 928 510 .
956 479 1060 511 Tanta
1087 482 1229 521 repletus
1255 484 1360 523 gratia

955 527 1089 559 Obviam
1117 530 1244 562 Christo
1270 531 1361 571 abiit,

957 575 1120 616 Nobisque
1147 587 1274 618 semper
1300 581 1439 612 maxima

956 623 1106 656 Ostendit
1132 627 1303 661 mirabilia.

564 714 595 746 7.
624 715 782 755 Rogemus
809 725 895 758 ergo,
922 720 1045 761 populi,

622 762 846 796 Confessorem
874 766 1033 808 altissimi,

623 811 669 844 Ut
693 812 763 851 ipse
789 813 881 845 nobis
908 815 1060 855 impetret

623 859 739 891 Pacem
766 865 797 892 et
822 862 1065 903 indulgentiam.

264 951 356 977 Brev.
383 961 436 978 ms.
462 954 613 980 Romarici
639 956 751 982 Montis
781 965 856 983 saec.
887 956 932 984 16.
959 959 1030 986 Cod.
1058 961 1222 995 Spinalien.
1253 961 1307 989 164
1327 961 1392 996 (77).
1425 965 1458 992 A.
1488 982 1523 984 —

189 988 335 1023 Hymnar.
356 999 409 1016 ms.
431 991 583 1019 Romarici
605 993 715 1020 Montis
738 1003 813 1021 saec.
838 994 881 1022 15.
904 997 975 1023 Cod.
998 999 1162 1033 Spinalien.
1187 999 1241 1027 194
1261 1000 1327 1033 (86).
1350 1003 1382 1028 B.
1405 1018 1442 1022 —
1467 1001 1490 1038 l,
1505 1002 1523 1030 3

185 1026 242 1053 hoc
269 1027 344 1055 fehlt
368 1029 428 1056 AB.
450 1044 487 1048 —
508 1028 535 1063 3,
567 1030 579 1057 1
612 1032 731 1059 Instans
761 1034 792 1059 H.
815 1048 851 1052 —
873 1033 898 1063 5.
929 1033 946 1061 3
975 1036 1109 1063 Devotus
1139 1039 1171 1064 Β.
1193 1055 1229 1058 -
1252 1038 1277 1066 6.
1300 1038 1317 1063 5³·
1339 1041 1433 1068 Nobis
1456 1051 1522 1068 cum

185 1073 301 1101 semper
323 1067 359 1094 A.
385 1081 421 1085 —
443 1068 559 1095 Doxol:
582 1069 646 1096 Deo
668 1072 746 1106 patri
768 1072 806 1098 sit
826 1072 933 1107 gloria.

548 1267 613 1298 410.
655 1268 698 1299 De
720 1277 761 1300 ss.
784 1270 924 1311 Quinque
946 1272 1153 1312 lilartyribns.

708 1355 757 1381 Ad
792 1356 992 1392 Vesperas.

183 1460 214 1495 1.
242 1462 355 1494 Proles
382 1462 550 1496 Francisci
577 1466 735 1506 germinat

241 1509 355 1542 Crucis
383 1511 504 1543 Christi
530 1513 563 1544 in
589 1514 711 1554 stipite,

238 1558 353 1590 Flores
379 1569 490 1592 roseos
515 1561 657 1601 geminat

238 1607 361 1639 Cruore
386 1608 460 1640 Iesu
486 1610 613 1645 comite.

181 1704 214 1736 2.
243 1703 369 1737 Uberes
395 1704 519 1738 fructus
546 1708 679 1749 protulit

238 1752 372 1793 Rigatos
400 1754 521 1787 Christi
549 1755 689 1797 flumine,

234 1802 294 1841 Qui
322 1811 427 1834 rorem
454 1803 549 1844 stirpi
574 1806 708 1837 contulit

234 1850 314 1883 Cum
342 1851 476 1891 spiritus
503 1854 687 1888 munimine.

173 1948 206 1980 3.
234 1947 369 1979 Dulcem
397 1953 430 1980 ut
459 1954 566 1990 gustet
592 1952 761 1991 palmitum

233 1996 472 2038 Liquoremque
499 1998 708 2045 fragrantiae,

232 2045 351 2078 Mortis
379 2046 501 2079 Christi
527 2057 561 2080 se
588 2049 751 2090 hospitum

231 2094 347 2135 Iungat
376 2094 490 2139 [nunc]
518 2097 728 2133 redolentiae.

878 1472 910 1502 4.
939 1470 1045 1503 Radix
1073 1472 1113 1504 de
1145 1477 1231 1505 terra
1257 1475 1371 1507 sitiens

872 1957 904 1988 6.

938 1520 1005 1551 Hos
1033 1519 1110 1552 fusti
1139 1521 1274 1554 haerens
1301 1524 1448 1557 madidat

935 1567 979 1599 Et
1005 1568 1133 1609 gladius
1160 1572 1393 1614 pertransiens,

936 1616 1094 1649 Profanus
1122 1618 1198 1650 inde
1224 1621 1378 1661 trepidat.

899 1738 906 1744 .
936 1713 1023 1753 Ignis
1050 1713 1178 1747 flamma
1205 1718 1398 1757 supponitur

936 1762 1072 1801 Capillis
1099 1764 1211 1796 horum
1237 1764 1372 1807 floridis,

936 1810 1004 1841 Nec
1031 1812 1058 1843 is
1086 1822 1144 1844 nec
1172 1823 1246 1845 caro
1273 1815 1378 1847 uritur

933 1858 1002 1890 Nec
1028 1861 1181 1893 membris
1209 1861 1313 1894 fuscat
1338 1865 1508 1904 squalidis.

933 1956 1069 1989 Rabiem
1095 1960 1201 1999 gentis
1228 1959 1372 1999 perfidae

932 2005 981 2036 De
1008 2005 1124 2038 finibus
1151 2008 1352 2040 credentium

930 2053 1044 2093 Aufer,
1072 2064 1090 2086 o
1117 2056 1200 2094 Iesu,
1228 2058 1365 2096 provide

932 2102 981 2134 Ob
1008 2112 1118 2134 necem
1146 2105 1360 2137 morientium.

515 2196 549 2230 7.
575 2196 798 2238 Familiaeque
824 2203 1015 2239 martyrum.

574 2244 674 2277 Pater
701 2246 851 2278 caelestis
877 2248 1011 2287 gratiae,

571 2293 686 2325 Preme
713 2292 866 2340 hoste[m]
893 2300 989 2336 atque
1019 2297 1135 2338 dirum,

574 2340 700 2375 Dextra
726 2353 784 2375 nos
810 2344 889 2375 siste
915 2345 995 2379 acie.

243 2434 328 2462 BreV.
351 2445 404 2463 ms.
428 2437 663 2466 Franciscanum
684 2441 755 2467 anni
780 2439 863 2468 1492.
886 2440 959 2469 Clm.
980 2443 1135 2471 Monacen.
1159 2442 1270 2473 23152.
1289 2462 1325 2466 —
1346 2446 1372 2481 3,
1395 2447 1413 2476 4
1435 2450 1503 2479 Iun-

163 2475 251 2509 gant3
273 2481 305 2500 es
326 2474 400 2502 fehlt
421 2476 488 2503 eine
510 2476 604 2505 Silbe.
626 2493 663 2496 —
686 2477 712 2511 7,
733 2477 751 2506 3
773 2479 872 2508 Prime
894 2480 1007 2509 hostem
1030 2486 1118 2518 atque
1141 2483 1264 2512 chirum.
