1653 2656
724 170 773 175 —
822 153 890 188 217
944 175 986 178 —

189 242 223 274 5.
250 240 344 274 Dono
370 241 433 276 fuit
458 245 613 279 scientiae
888 253 919 284 6.
950 252 1048 292 Patri,
1078 258 1165 295 nato,
1193 255 1351 294 paraclito

252 289 374 323 Dotata
400 295 614 337 conversatio,
947 300 1018 333 Sint
1044 301 1156 339 honor,
1183 302 1295 341 virtus,
1322 303 1425 343 gloria

251 337 454 381 Domumque
480 344 696 377 conscientiae
946 349 989 380 Et
1015 350 1214 382 Katherinae
1240 351 1355 383 merito

252 386 337 419 Pura
363 394 473 422 servat
498 391 667 425 confessio.
946 396 1047 429 Nobis
1074 402 1204 430 aeterna
1231 399 1358 439 gaudia.

266 493 350 520 Brev.
374 503 426 522 ms.
448 496 716 534 Gnadenbergense
738 508 814 527 saec.
841 500 882 528 15.
905 502 977 529 Cod.
1001 504 1150 530 Holinien.
1174 514 1196 530 s.
1219 513 1247 532 n.

598 668 664 700 363.
707 669 748 701 De
771 674 883 703 sancta
905 672 1100 714 Kineburga.

185 763 216 796 1.
246 765 479 808 Kyneburgam
507 769 603 801 laude
629 770 757 810 plenam
885 775 915 807 3.
944 774 1054 806 Firma
1079 775 1159 807 tides
1185 776 1370 816 impetrabit

295 814 493 848 Veneremur
518 817 624 859 hodie,
990 823 1098 854 Morbi
1126 825 1370 865 convalentiam,

249 861 486 906 ColIaudemus,
514 867 738 907 praedicemus
940 871 1040 912 Intus,
1073 870 1152 903 foris
1179 873 1253 904 dum
1280 873 1422 905 servabit

295 912 333 943 In
359 911 419 944 hac
447 913 564 945 donum
591 916 725 955 gratiae,
986 919 1090 950 Homo
1117 921 1355 956 conscientiam.

244 958 313 998 Qua
339 960 513 1001 virescunt,
542 962 739 996 reviviscunt
940 967 1055 999 Puram
1084 967 1135 999 hic
1161 968 1353 1000 adnihilabit

291 1006 444 1040 Defuncti
471 1019 490 1041 a
516 1009 639 1044 funere.
986 1015 1098 1046 Hostis
1126 1015 1385 1051 fraudulentiam.

178 1113 210 1145 2.
242 1113 329 1154 Ergo
356 1115 462 1152 crede,
490 1115 520 1147 in
551 1117 609 1148 hac
635 1117 714 1149 aede
878 1122 909 1151 4.
939 1119 1037 1151 Fides
1064 1130 1141 1152 vera
1167 1121 1318 1162 effugabit

289 1162 322 1194 Si
350 1163 484 1195 devotus
511 1163 621 1205 fueris,
985 1168 1101 1200 Omnes
1129 1168 1260 1201 fraudes
1288 1171 1489 1212 daemonum,

236 1208 339 1241 Sanus
366 1211 440 1250 eris,
469 1213 685 1254 consequeris,
935 1216 1071 1248 Fractas
1099 1218 1182 1249 vires
1209 1219 1363 1250 solidabit

286 1258 378 1297 Quod
404 1259 487 1291 iuste
513 1260 658 1302 petieris,
983 1264 1026 1296 Et
1053 1265 1187 1297 virtutes
1214 1267 1386 1308 hominum,

232 1306 297 1338 Ora
323 1316 400 1339 sane
426 1317 508 1348 sero,
537 1318 630 1341 mane
937 1312 1139 1353 Languentes
1165 1324 1308 1355 quosque
1335 1315 1474 1348 firmabit

284 1355 379 1386 Peste
405 1365 475 1395 pro⁷
504 1367 565 1397 qua
592 1359 757 1398 premeris.
981 1361 1138 1402 Fideique
1164 1364 1323 1397 meritum.

256 1458 377 1488 Collect.
405 1471 456 1488 ms,
485 1462 698 1491 Llantoniense
728 1473 803 1492 saec.
833 1464 875 1493 13.
904 1465 974 1493 Cod.
1004 1467 1080 1494 coll.
1109 1468 1195 1503 Coi-p.
1225 1469 1336 1496 Christi
1363 1471 1508 1498 oxonien-

172 1496 221 1526 59.
247 1514 283 1518 —
307 1498 331 1533 1,
354 1499 372 1526 5
393 1501 550 1528 vilescunt.
574 1517 608 1521 -—
632 1502 787 1548 Absehrif‘t
805 1513 864 1531 von
886 1505 956 1532 Rev.
981 1506 1017 1533 H.
1040 1506 1079 1533 M.
1104 1507 1269 1534 Bannister.

588 1664 656 1695 364.
698 1665 739 1696 De
761 1668 871 1697 sancta
895 1666 1088 1707 Kineburga.

644 1745 695 1772 Ad
725 1744 1024 1775 processionem.

408 1842 514 1883 Salve,
544 1842 627 1875 festa
653 1843 733 1883 dies,
761 1849 828 1877 toto
856 1847 1050 1878 venerabilis
1077 1856 1166 1882 aevo,

456 1891 526 1930 Qua
552 1892 751 1933 Kyneburga
777 1894 832 1933 pia
859 1895 974 1935 migrat
1000 1895 1040 1927 ab
1069 1896 1127 1927 hac
1156 1898 1273 1936 patria.

408 1940 557 1972 Moribus
583 1942 719 1973 interius
746 1942 860 1974 similis
887 1942 947 1974 fuit
974 1944 1031 1975 illa
1057 1946 1216 1984 supernis.

457 1989 493 2021 ln
520 1990 616 2021 terris
644 1991 742 2022 vitam
770 1991 907 2023 duxerat
933 1993 1122 2032 angelicam.

342 2040 375 2070 5.
403 2038 552 2079 Iungitur
577 2039 698 2079 optatis
726 2040 911 2072 concivibus
938 2042 1010 2081 ipsa
1036 2041 1138 2073 beatis

455 2086 583 2119 Gaudia
609 2092 768 2128 perpetua
793 2089 919 2128 plaudit
946 2090 1060 2121 adesse
1086 2100 1152 2122 sua.

408 2135 552 2176 Regnum
578 2140 741 2169 terrenum
769 2137 916 2177 genitura
943 2138 1078 2177 parabat
1105 2148 1283 2177 amoenum,

455 2184 584 2224 Sprevit
611 2189 644 2217 ut
671 2185 863 2218 obscoenum
893 2187 1072 2228 coniugium
1100 2188 1261 2221 iuvenum.

408 2232 534 2264 Dilexit
562 2233 736 2274 Christum,
765 2234 917 2265 mundum
945 2235 1137 2274 despexerat
1166 2237 1271 2276 istum,

321 2282 375 2315 10.
453 2282 568 2314 Carnis
596 2281 740 2322 delicias,
769 2283 836 2314 eius
863 2283 1030 2316 amicitias.

405 2330 576 2370 virgineos
603 2340 708 2363 mores
734 2331 921 2364 observavit
948 2332 1096 2364 meliores

453 2377 545 2410 Felle
571 2387 698 2416 carens,
726 2379 856 2412 humilis
884 2389 997 2420 prona,
1025 2384 1135 2413 tacens
1162 2381 1299 2414 stabilis.

403 2428 502 2459 Casta
528 2436 670 2471 manens,
699 2438 790 2470 pura,
819 2437 879 2460 nec
905 2433 974 2462 erat
1001 2430 1107 2461 carnis
1131 2430 1193 2461 sibi
1221 2440 1308 2473 cura,

453 2475 495 2508 Ut
523 2475 653 2508 Christo
680 2477 813 2517 placuit,
842 2477 951 2509 vivere
977 2478 1024 2510 sic
1050 2479 1185 2512 studuit.
