1653 2656
76 0 88 35 Σὲ.

144 227 177 262 3.
208 227 302 261 Unde
329 235 513 267 sanctorum
541 247 702 279 numerus,
869 245 898 278 7.
927 247 1007 278 Tum
1035 247 1140 280 fidelis
1167 255 1201 283 ut
1228 250 1374 291 famulus.

205 276 280 308 Tibi
306 279 368 310 soli
393 283 590 326 notissimus,
616 315 617 318 ,
923 295 982 334 Qui
1008 295 1070 327 sibi
1096 302 1163 329 erat
1192 301 1343 341 credituS,

203 324 350 359 Fortiter
376 331 546 365 exterioris
925 342 1122 376 Thesaurum
1147 347 1189 379 ad
1217 348 1409 383 dominicum

203 373 315 406 Calcat
343 376 422 409 vitia
449 379 597 415 hominis.
923 392 1062 423 Auctum
1089 399 1258 434 reportans
1285 399 1447 434 scrinium.

141 459 175 493 4.
203 459 302 500 Quem
329 462 552 500 Emmeramus
579 470 718 513 inclitus,
862 477 894 509 8.
924 477 986 510 Pro
1012 479 1145 512 alterius
1173 483 1304 515 crimine

201 509 299 542 Cuius
327 509 411 544 festa
437 517 643 557 percolimus,
919 524 1096 559 Secabatur
1124 529 1292 564 durissime

201 556 338 598 Redegit
365 560 398 592 in
421 565 587 597 servitium
921 574 1037 614 Sicque
1063 576 1161 609 effuso
1188 581 1341 620 sanguine

201 605 255 637 Ad
281 611 394 640 sancta
421 609 562 645 formans
589 616 738 649 animum.
917 621 953 652 In
980 623 1051 655 sinu
1078 625 1162 656 sedit
1189 627 1351 661 Abrahae.

137 692 168 723 5.
197 691 258 723 Hic
286 693 459 735 dereliquit
484 700 634 737 patriam,
859 708 889 740 9.
920 707 1013 740 Nunc
1039 719 1218 752 precamur,
1247 715 1390 754 piissime

199 739 299 779 Quam
328 742 439 775 dicunt
465 748 685 789 Aquitaniam,
917 755 1050 789 Creator
1077 768 1183 792 rerum
1210 762 1355 803 Domine,

198 788 291 821 Prius
317 790 363 822 ibi
389 793 532 826 oviculas
918 803 1054 836 Nostras
1081 807 1148 838 eius
1175 811 1317 843 oramine

193 836 256 868 Tui
281 847 419 878 pascens
446 843 614 877 adavidas.
915 851 1067 892 Digneris
1094 865 1192 888 noxas
1220 862 1355 899 tergere.

131 924 162 955 6.
187 923 275 956 Exin
302 926 443 966 migrans
471 929 501 960 in
530 930 682 964 Noricam
830 936 884 968 10.
914 938 998 969 Laus
1026 939 1095 982 tibi,
1124 946 1217 981 pater
1242 946 1371 984 optime,

190 972 311 1012 Virque
340 973 455 1007 fortem
480 979 679 1016 provinciam
912 985 984 1017 Una
1011 995 1081 1018 cum
1109 995 1219 1022 sancto
1247 998 1426 1035 pneumate,

188 1020 268 1052 Eius
296 1025 328 1053 te
356 1023 454 1055 dante
480 1026 601 1058 incolas
909 1033 958 1064 Ac
985 1037 1039 1066 tuo
1068 1037 1230 1076 unigenito

188 1067 280 1100 Fecit
307 1079 377 1102 esse
404 1072 616 1107 christicolas.
909 1080 1022 1113 Gloria
1048 1084 1088 1114 sit
1112 1091 1279 1125 perpetuo.

201 1144 323 1172 Collect.
354 1156 405 1174 ms.
434 1148 674 1178 Emmeramense
705 1162 780 1180 saec.
806 1153 848 1181 ll.
878 1157 951 1183 Clm.
979 1158 1132 1186 Monacen.
1166 1160 1271 1189 14870.
1301 1179 1338 1182 —
1368 1167 1457 1195 ..Itum

124 1181 200 1209 alius
227 1181 381 1221 [hymnus]
411 1187 446 1214 de
482 1192 584 1216 saneto
613 1190 800 1219 Enimeramo
829 1194 964 1222 rithmice
994 1197 1217 1232 mtululandus'y
1246 1216 1282 1220 —
1306 1204 1458 1232 versas-ser

123 1221 219 1249 dieses
238 1223 374 1258 Hymnus
396 1226 435 1252 ist
452 1226 529 1253 wohl
546 1228 687 1256 Arnold
709 1239 781 1257 von
804 1233 829 1258 V
838 1242 853 1259 o
864 1233 881 1259 h
891 1233 907 1260 b
918 1243 934 1260 ll
944 1243 992 1269 rg.
1027 1237 1167 1273 Dagegen
1184 1240 1221 1265 ist
1236 1240 1287 1267 der
1303 1243 1457 1271 inetrisvhe

124 1259 260 1295 Hymnus
295 1262 448 1292 Christe
480 1267 538 1292 cui
571 1268 693 1295 iustos
731 1269 923 1299 hominum
961 1275 1113 1301 favores
1153 1277 1248 1309 nicht,
1284 1282 1337 1307 wie
1370 1282 1455 1309 Anni.

124 1298 236 1331 XXIII,
261 1299 314 1328 169
335 1303 410 1329 nach
435 1304 554 1331 Cheval.
579 1303 651 1334 2851
678 1310 851 1344 angegeben
873 1312 987 1342 wurde,
1012 1322 1068 1340 vnn
1090 1316 1211 1345 Aru-11⁴1.
1234 1319 1374 1348 >vinici-11,
1402 1323 1456 1348 wie

122 1337 218 1366 dieser
247 1340 458 1369 ausdriicklich
488 1345 605 1379 angibt,
633 1355 690 1373 von
712 1348 925 1383 Megint'red
955 1360 1024 1377 von
1054 1353 1291 1391 Magdeburg.
1315 1373 1350 1377 —-
1372 1359 1455 1387 Auch

120 1376 172 1403 der
195 1377 332 1412 Hymnus
355 1380 536 1415 Meginfreds
564 1383 641 1411 steht
667 1394 724 1412 von
751 1386 802 1414 der
828 1389 916 1415 Hand
946 1391 1072 1417 Arnolds
1101 1394 1130 1419 in
1154 1394 1225 1420 Cim.
1252 1394 1351 1424 14570
1379 1399 1453 1426 ohne

122 1415 327 1454 Abweichung
348 1428 405 1445 von
427 1420 493 1448 dem
516 1421 534 1448 1.
556 1432 581 1449 c.
604 1425 801 1459 mitgeteilten
822 1427 922 1454 Texte.

564 1556 626 1586 215.
670 1556 711 1588 De
733 1560 841 1590 sancto
864 1559 1005 1592 Erasmo.

367 1634 397 1666 1.
427 1635 622 1668 Cunctorum
649 1639 835 1681 plasmator,
865 1651 972 1674 rerum
1001 1649 1158 1686 causator,

421 1683 469 1715 Tu
497 1684 577 1716 lenis
603 1691 781 1728 martyrum
809 1689 952 1722 dolorem
981 1691 1095 1732 dirum.

418 1731 507 1764 Dans
533 1734 575 1766 ad
604 1735 685 1767 caeli
711 1746 825 1777 gyrum
851 1740 1002 1779 gaudium
1030 1742 1156 1776 mirum.

360 1820 392 1852 2.
420 1819 590 1853 Erasmum
618 1826 652 1854 tu
680 1822 783 1868 sulcis,
813 1826 939 1867 solaris,
969 1828 1091 1871 dulcis3

421 1869 583 1902 Portentis
611 1875 642 1903 et
669 1873 769 1913 signis
795 1878 920 1916 martyr
945 1876 1091 1918 insignis,

415 1917 512 1950 Miles
539 1920 641 1952 maior
668 1921 774 1962 dignis
801 1932 860 1955 nec
886 1934 947 1957 nou
977 1925 1133 1967 benignis.

359 2006 390 2038 3.
417 2006 584 2039 Anastasii
610 2014 732 2051 natum,
761 2011 849 2043 canis
876 2021 984 2044 morsu
1011 2018 1158 2054 stratum,

412 2054 502 2086 Dans
531 2056 615 2088 vitae
641 2058 809 2099 pristinae,
838 2065 912 2092 sunt
937 2061 992 2093 ubi
1018 2063 1133 2099 minae.

414 2103 463 2135 Tu
491 2106 638 2145 regnanti
665 2106 729 2138 fine
755 2109 899 2148 gaudens
927 2109 1001 2141 hinc
1027 2111 1106 2143 sine.

356 2191 388 2221 4.
416 2189 496 2222 Eius
523 2191 612 2224 dicas
638 2193 729 2233 mira,
758 2194 862 2236 plebs,
891 2195 998 2228 cordis
1026 2196 1106 2239 lyra,

409 2237 555 2271 Fervens
581 2249 643 2272 non
671 2240 774 2273 afficit
800 2243 916 2285 oleum,
946 2244 1026 2276 dicit

410 2286 513 2327 OHae,
541 2289 599 2320 sed
626 2299 686 2321 nec
712 2291 778 2329 icit,
808 2296 981 2332 conspectu
1009 2293 1094 2326 vicit.

354 2365 386 2396 5.
414 2364 561 2396 Attuarii
587 2366 675 2398 visus
700 2376 863 2410 aspersus
893 2368 1014 2402 divisus

409 2411 498 2453 Fuit,
526 2412 610 2446 hunc
636 2416 781 2455 suscitat,
808 2416 851 2449 ad
879 2417 976 2450 vitam
1005 2419 1092 2458 citat,

409 2460 470 2499 Qui
497 2461 588 2495 miris
615 2463 708 2507 ditat,
736 2473 810 2497 suos
836 2465 963 2500 invitat.
