1653 2656
715 115 955 151 -27—

171 211 204 245 3.
232 209 376 243 Victrice
401 214 457 244 tua
484 212 620 245 dextera
866 215 899 246 6.
926 214 976 246 Sit
999 213 1032 245 in
1059 222 1114 245 ore
1140 212 1300 245 confessio

232 258 323 291 Inter
349 258 433 292 festa.
459 260 626 300 paschalia
927 262 1016 293 Tuae
1041 261 1147 294 laudis
1171 262 1331 303 continua,

231 307 354 340 Nostra
378 318 463 341 nunc
488 313 619 350 regatur
644 309 711 341 vita
925 310 1069 349 Eamque
1094 319 1179 341 mors
1205 319 1267 341 non
1293 309 1450 342 obstruat.

231 355 371 397 Aliaque
391 366 450 397 per
473 360 630 398 tempora.
927 358 1009 389 Dum
1038 362 1147 389 noster
1172 356 1267 390 flatus
1294 362 1431 399 vegetat.

171 453 204 486 4.
235 452 413 494 Vigilemus
439 453 471 486 in
497 455 624 494 spiritu,
866 455 897 488 7.
925 455 1076 494 Alleluia,
1104 455 1191 486 vocis
1218 454 1295 486 tuba

233 501 319 533 Dum
345 506 540 542 soporantur
565 511 712 542 corpora,
926 503 1176 543 Frequentando
1203 503 1345 535 Alleluia

232 549 437 590 Mundosque
463 559 522 582 nos
549 551 690 590 excipiat
927 552 983 592 Te,
1011 553 1095 591 Iesu,
1123 551 1362 591 benedicamus,

235 597 402 638 surgentis
429 598 506 630 solis
535 608 662 632 aurora.
929 599 1082 638 Alleluia,
1111 599 1184 631 dum
1213 599 1355 632 vivimus

175 696 206 727 5.
234 694 437 734 Repentinae
463 695 577 726 mortis
604 704 696 726 casus
871 696 900 728 8.
928 695 997 727 Deo
1023 696 1108 735 patri
1136 695 1278 727 Alleluia

235 743 285 775 Ne
310 742 403 774 nobis
429 743 471 774 sit
497 743 658 781 interitus,
928 743 1075 783 Filioque
1101 744 1252 779 Alleluia,

234 789 360 823 Fovere
385 800 443 822 nos
470 800 533 822 non
562 791 701 827 deseras,
928 791 1045 823 Sancto
1072 801 1196 830 quoque
1223 791 1363 832 spiritui,

235 838 381 881 Christe,
417 839 472 879 qui
497 843 613 870 cuncta
639 839 780 872 ordinas.
927 839 1038 871 Gloria
1066 841 1119 879 sit,
1146 840 1299 872 Alleluia.

252 935 338 961 Brev.
360 942 413 961 rns.
435 933 678 960 Antisiodorense
700 942 775 960 saec.
796 931 837 959 15.
853 934 1072 964 (Privatbesitz)
1087 934 1118 959 A.
1136 948 1172 952 —
1190 935 1264 960 Brev
1277 934 1501 961 Antisidorense

173 974 243 1008 imp.
266 972 411 1000 Cabeliae
435 969 517 999 1483.
540 972 571 998 B.

599 1141 645 1171 39.
688 1141 721 1171 ln
744 1141 930 1171 Ascensione
955 1141 1084 1171 numini.

654 1221 705 1248 Ad
732 1222 1025 1248 processionem.

349 1320 456 1359 Salve,
485 1318 569 1350 festa
596 1319 676 1359 dies,
704 1329 765 1359 qua
792 1319 940 1351 Christus
967 1320 1008 1351 ad
1035 1325 1123 1351 astra
1150 1330 1315 1361 regressus

397 1368 549 1400 Nostrum
578 1368 618 1399 de
644 1372 732 1399 terra
758 1376 874 1407 eorpus
900 1368 941 1399 ad
967 1368 1039 1408 ipsa
1066 1369 1162 1401 levat.

346 1418 448 1449 Immo
474 1424 572 1456 super
598 1416 704 1447 caelos
730 1416 817 1448 levat
843 1415 895 1446 hic
922 1420 952 1447 et
980 1417 1116 1448 collocat
1143 1427 1251 1449 omnes

393 1465 447 1496 Ad
475 1465 622 1496 dextram
647 1464 679 1495 in
706 1468 817 1495 nostra
843 1473 939 1496 carne
966 1465 1068 1504 patris
1095 1466 1251 1498 residens.

295 1516 326 1547 5.
355 1513 499 1545 Naturae
526 1513 623 1544 decus
650 1512 709 1543 hoc
735 1521 946 1552 supremaque
972 1513 1075 1552 gloria
1102 1519 1231 1546 nostrae

397 1561 511 1594 Ordini
539 1561 667 1592 sublimi
694 1561 874 1600 praeminet
900 1562 1054 1600 angelico.

352 1610 421 1642 Nec
447 1609 552 1640 minor
577 1609 700 1640 utilitas
726 1618 824 1649 super
850 1609 909 1640 hoc
937 1619 1031 1649 quam
1058 1610 1161 1649 gloria
1187 1611 1290 1644 nobis.

402 1657 507 1690 Carne
532 1657 617 1698 quod
644 1657 676 1688 in
703 1662 813 1689 nostra
840 1658 984 1689 considet
1012 1658 1081 1698 ipse
1108 1659 1204 1698 patri.

346 1706 447 1738 Hanc
472 1706 575 1746 ipsam
602 1714 729 1745 semper
754 1710 964 1746 praesentans
992 1706 1133 1737 vultibus
1160 1707 1237 1742 eius.

271 1756 326 1789 10.
400 1757 468 1795 Qua
494 1757 541 1786 tot
567 1763 626 1794 pro
652 1753 745 1786 nobis
770 1758 922 1794 tantaque
949 1755 1110 1787 sustinuit.

344 1803 404 1835 Sic
431 1803 643 1842 interpellans
670 1812 728 1842 pro
755 1803 847 1834 nobis
873 1811 1001 1842 semper
1027 1807 1059 1834 et
1084 1813 1179 1835 orans

398 1851 559 1884 Conciliat
584 1852 687 1882 servis
714 1851 799 1882 filius
825 1852 894 1891 ipse
920 1856 1056 1891 patrem.

347 1900 439 1939 Quod
467 1900 572 1931 minus
599 1900 631 1931 in
657 1899 749 1932 nobis
776 1903 870 1939 pater
895 1901 1017 1931 invenit
1044 1900 1084 1932 ad
1112 1901 1341 1939 miserandum,

400 1948 557 1988 Suppleat
584 1957 643 1988 pro
670 1948 762 1980 nobis
786 1949 898 1980 unicus
925 1946 1020 1992 [ipse]
1050 1949 1162 1988 patris.

261 1999 314 2033 15,
341 1998 434 2038 Quae
459 2006 517 2028 nos
544 1997 758 2038 perdidimus,
786 1997 870 2028 bona
896 2002 1119 2029 restaurantur
1146 1997 1186 2028 ab
1213 1999 1294 2039 ipso,

399 2046 487 2085 Quae
513 2054 667 2086 reparare
693 2046 796 2088 patris
823 2050 954 2077 venerat
983 2046 1130 2086 imperio.

343 2094 521 2126 Peccatum
547 2093 651 2126 factus
676 2103 852 2135 peccamen
879 2094 994 2126 tollere
1020 2095 1119 2130 venit,

393 2143 430 2175 In
455 2152 549 2184 quem
574 2147 743 2183 peccatum
771 2152 885 2183 repere
911 2153 974 2175 non
1001 2143 1115 2182 potuit.

346 2192 441 2231 Quod
470 2192 580 2224 delere
605 2192 711 2223 scelus
736 2201 800 2223 non
827 2190 948 2222 sufficit
974 2191 1079 2223 hostia
1106 2195 1196 2223 tanta

259 2243 316 2275 20.
394 2240 462 2273 Aut
488 2240 603 2281 quibus
627 2240 669 2272 ad
698 2241 823 2272 veniam
851 2249 913 2271 non
941 2241 1019 2271 satis
1046 2248 1116 2271 esse
1143 2244 1239 2279 queat
1249 2242 1263 2269 ζ’

345 2289 439 2321 More
465 2289 694 2329 triumphantis
723 2289 851 2320 devicto
877 2287 1025 2328 principe
1051 2287 1162 2319 mundi

396 2337 448 2370 Ad
474 2347 606 2379 regnum
633 2337 791 2369 Dominus
818 2340 891 2376 post
917 2346 974 2368 sua
1002 2336 1085 2368 bella
1113 2336 1209 2369 redit.

347 2387 474 2427 Captivi
502 2387 697 2418 comitantur
722 2386 844 2428 herum,
872 2394 950 2425 quos
975 2386 1057 2416 eruit
1084 2386 1153 2424 ipse

394 2436 432 2468 In
459 2435 572 2475 spoliis
599 2434 744 2466 referens
769 2434 876 2474 ampla
903 2439 1036 2474 tropaea
1063 2434 1138 2465 suis.
