1653 2656
760 154 800 159 —
853 135 1019 171 283-

634 224 703 256 474.
744 227 786 258 De
808 230 917 261 sancto
938 230 1135 263 Sebastiano.

217 290 250 323 1.
279 291 462 338 Gratulare,
492 299 639 340 ecclesia,
916 309 948 341 5.
972 307 1056 340 Hinc
1082 309 1157 341 inde
1184 311 1292 343 volant
1319 314 1466 354 sagittae,

278 340 371 373 Nova
399 342 506 377 ferens
534 348 662 391 gaudia,
975 356 1164 396 Asperrime
1191 360 1373 399 sagittatur,

277 389 401 423 Lumen
428 391 529 434 fulget
558 397 597 428 de
626 399 768 431 tenebris
974 404 1096 444 Corpus
1122 407 1247 446 sagittis
1274 407 1424 452 florescit,

278 437 463 473 Sebastiani
486 445 649 484 martyris.
974 451 1019 484 Ut.
1045 458 1188 486 mortuus
1218 456 1419 496 relinquitur.

217 515 249 546 2.
277 514 437 556 Prudens,
466 528 563 553 verax
591 527 672 564 erat,
700 525 812 563 iustus,
911 529 943 560 6.
972 528 1097 561 Furens
1125 531 1343 564 Diocletianus

277 563 376 596 Pater
401 572 534 605 paratus
559 571 715 613 omnibus,
972 575 1122 609 Sanctum
1152 590 1212 610 non
1241 590 1310 611 csse
1338 586 1508 624 mortuum,

273 610 375 644 Carus
404 614 483 655 Deo,
512 617 703 660 hominibus,
973 624 1083 656 Denuo
1110 636 1202 666 quem
1230 627 1375 668 fustigari

272 659 469 695 Verissimus
495 664 556 696 Dei
583 667 696 700 cultor.
973 673 1026 705 Sic
1053 676 1223 715 praecipit,
1251 682 1283 708 ut
1311 679 1443 717 periret.

211 735 243 768 3.
271 734 335 767 Hic
361 742 531 771 accusatur
556 742 655 782 impio
911 749 941 783 7,
970 750 1005 781 In
1034 751 1143 782 cloaca
1170 753 1335 795 proicitur,

271 783 386 817 Subito
411 787 600 828 imperatori
969 797 1011 830 Ut
1039 798 1255 832 abscondatur
1280 805 1432 845 mortuus,

270 831 435 866 Famulari
463 836 592 869 Christo
619 840 692 871 Iesu
968 846 1012 876 At
1040 847 1119 878 visio
1147 848 1179 879 fit
1209 849 1360 887 Lucinae,

269 880 384 913 Mundi
412 893 562 925 pompam
590 887 781 927 despiciens,
971 893 1193 927 Sebastianum
1221 900 1367 933 tumulet,

202 955 236 989 4.
264 958 359 990 Iubet
385 960 606 994 Diocletianus
904 971 935 1002 8.
964 971 1064 1002 Facto
1091 973 1193 1004 noctis
1220 975 1349 1006 silentio

264 1005 488 1040 Sebastianum
516 1011 611 1050 ligari
963 1018 1085 1050 Lucina
1111 1025 1255 1052 sanctum
1284 1029 1462 1064 conservat,

264 1054 360 1086 Velut
386 1057 510 1096 signum
538 1059 742 1099 sagittandus
961 1066 1126 1098 Ecclesias
1153 1074 1264 1101 sancto
1292 1072 1401 1102 condit

262 1103 299 1135 In
327 1104 434 1135 medio
460 1106 564 1145 campi
591 1108 711 1140 statim.
960 1114 1045 1153 Opes
1073 1116 1256 1156 relinquens
1284 1118 1432 1154 Domino.

627 1185 658 1216 9.
688 1184 799 1218 Gloria
828 1188 898 1227 tibi,
928 1190 1074 1224 Domine.

273 1255 358 1282 BreV.
382 1265 435 1283 ms.
458 1257 687 1286 Ambrosianum
713 1270 789 1289 saec.
814 1262 857 1290 15.
881 1265 950 1292 Cod.
975 1267 1112 1301 Borgian.
1135 1269 1165 1295 M
1188 1270 1215 1296 II
1239 1268 1285 1297 20.
1305 1286 1343 1290 -—
1369 1271 1394 1304 1,
1423 1272 1440 1299 2
1463 1274 1534 1301 fehlt

195 1294 260 1320 eine
282 1293 378 1329 silbe;
410 1295 463 1323 lies
485 1297 605 1325 ferendo
629 1299 701 1326 oder
723 1301 901 1329 sollemnia?
924 1319 956 1322 -—
981 1303 1006 1336 2,
1031 1304 1047 1331 2
1071 1310 1212 1339 patratus.
1236 1323 1271 1327 —
1294 1308 1321 1341 3,
1345 1309 1363 1337 4
1385 1321 1534 1347 pumpam.

433 1429 501 1461 475.
545 1431 587 1461 De
610 1440 650 1463 ss.
673 1433 878 1474 secundiano,
901 1436 1117 1474 Marcelliano,
1142 1439 1291 1472 Veriano.

708 1494 749 1520 In
780 1494 803 1521 1.
830 1496 1021 1532 Vesperi&

191 1561 222 1593 1.
251 1561 342 1593 Inter
369 1571 503 1596 coronas
530 1571 707 1606 martyrum
894 1573 925 1603 5.
954 1572 1038 1603 Hinc
1064 1573 1126 1604 iam
1155 1573 1235 1606 fides
1262 1577 1438 1618 suboritur7

249 1609 390 1651 Fulgent
417 1615 552 1652 tropaea
579 1615 727 1654 militum,
951 1620 1118 1660 Baptisma
1146 1632 1271 1655 sacrum
1300 1626 1448 1661 subeunt,

248 1658 380 1690 Fortem
410 1661 485 1692 dato
512 1663 565 1702 qui
593 1665 747 1703 sanguine
948 1668 1044 1700 Fiunt
1072 1674 1101 1701 et
1128 1671 1191 1711 ipsi
1222 1678 1382 1714 martyres

247 1706 363 1739 Vicere
388 1708 531 1749 iniquum
558 1712 707 1746 zabulon.
946 1716 1081 1750 Cervice
1111 1729 1204 1751 caesa
1232 1722 1370 1755 duriter.

184 1784 216 1816 2.
245 1783 470 1818 Secundianus
496 1788 658 1832 sophicus‚
889 1795 918 1827 6.
948 1795 1073 1827 Horum
1101 1799 1281 1830 recondens
1310 1810 1446 1841 corpora

243 1833 477 1867 Marcellianus
504 1836 658 1877 physicus
947 1843 1097 1876 Servavit
1123 1846 1197 1877 olim
1227 1848 1332 1889 Italia,

240 1882 290 1913 Ac
318 1883 477 1916 Verianus
503 1885 621 1917 nobilis
940 1893 1025 1932 Quos
1053 1904 1137 1925 nunc
1162 1896 1309 1928 habendo
1336 1897 1444 1931 Gallia

242 1931 350 1963 Instar
377 1941 486 1964 eorum
516 1934 642 1969 claruit.
941 1942 1054 1981 Fovet,
1084 1943 1231 1983 honorat,
1259 1947 1386 1980 excolit.

177 2009 210 2043 3.
238 2008 374 2041 Fulsere
400 2010 432 2042 in
459 2011 538 2043 urbe
562 2013 665 2045 Roma
882 2018 913 2050 7.
941 2019 1005 2050 Vos
1032 2030 1050 2051 0
1077 2030 1248 2060 precamur
1275 2025 1449 2067 supplices,

237 2057 303 2090 Sub
331 2059 506 2099 principali
535 2061 707 2102 chlamyde
941 2067 1052 2099 Sancti
1080 2069 1139 2101 Dei
1168 2072 1350 2109 rectissimi,

238 2107 403 2139 Dedentes
429 2109 500 2140 neci
527 2110 684 2150 plurimos
940 2115 1052 2148 Nostri
1081 2122 1188 2150 reatus
1216 2120 1343 2153 vincula

235 2156 450 2188 Christicolas
478 2159 672 2197 poenaliter.
939 2165 1056 2197 Vestro
1082 2172 1217 2206 precatu
1246 2170 1374 2203 solvite.

171 2235 205 2266 4,
232 2234 317 2273 Quos
344 2231 510 2266 intuente's
538 2235 668 2269 fortiter
881 2243 912 2275 8.
944 2243 1126 2276 Laudemus
1154 2256 1263 2278 omncs
1289 2250 1414 2280 unicam

232 2281 356 2314 Christi
385 2282 469 2314 mori
495 2293 555 2323 pro
581 2286 695 2326 gloria,
941 2291 1046 2323 Patris
1073 2294 1203 2334 natique
1230 2304 1267 2327 ac
1293 2297 1428 2336 spiritus

233 2330 307 2362 Nou
335 2331 431 2370 digua
460 2332 597 2364 credunt
624 2336 757 2368 vulnera
937 2340 973 2371 In
1001 2341 1124 2373 unitate
1150 2343 1285 2382 gloriam

232 2377 392 2419 Suscepta
418 2381 510 2412 tanta
535 2382 651 2421 gratia.
936 2388 999 2420 Per
1024 2391 1225 2423 saeculorum
1253 2394 1393 2426 saecula.

247 2455 333 2483 Brev.
355 2464 411 2482 ms.
433 2455 567 2485 Iotrense
589 2467 666 2486 saec.
693 2458 768 2487 ¹⁷³s‘14.
791 2461 862 2489 cod.
884 2463 1012 2492 Parisin.
1036 2464 1102 2493 750.
1123 2482 1161 2486 —
1183 2466 1210 2500 6,
1235 2467 1247 2495 1
1271 2471 1443 2498 recundens.
