1653 2656
721 118 978 154 —139—

555 240 623 272 236.
666 241 697 271 ln
721 239 943 271 'translatione
965 247 990 270 s.
1012 238 1147 270 Evurtii.

711 310 762 338 Ad
787 311 986 346 Vesperas,

181 397 213 430 1.
244 395 407 429 Conditor
431 397 517 430 alme
541 398 700 438 siderum,
878 400 910 430 4.
941 395 1044 430 Cuius
1070 397 1149 436 s'orci
1170 396 1325 436 poeentia

240 445 327 477 Laus
358 449 390 477 et
416 446 520 478 honor
545 447 762 488 sacerdotum,
939 445 1109 477 Elementa
1134 445 1320 482 oboediunt,

241 493 395 525 Emunda
420 494 534 526 sordes
560 495 716 526 scelerum
939 494 981 525 Et
1008 493 1107 525 verba
1133 493 1311 533 sapientiae

241 542 305 574 Per
333 542 493 582 praesulis
520 543 711 575 antidotum.
942 541 1094 574 Infideles
1122 541 1282 573 erudiunt.

180 631 212 662 2.
241 628 305 670 Qui
331 628 510 660 condolens
537 630 670 661 interitu
883 631 913 662 5.
942 629 987 660 Te
1012 629 1232 669 beprecamur,
1259 627 1361 667 hayie,

237 677 350 710 Perire
379 677 576 709 Aurelianos
943 677 985 710 Ut
1011 686 1068 708 nos
1095 686 1112 708 a
1139 677 1230 707 malis
1257 676 1385 714 liberes,

239 725 303 758 Suo
331 728 427 765 grato
452 725 571 757 intuitu
943 725 985 756 Et
1012 725 1139 756 virtutis
1166 725 1313 764 egregiae

238 773 414 805 Evurtium
442 773 529 805 misit
557 775 598 806 ad
629 783 696 806 nOS.
946 773 1085 812 Propina
1112 772 1234 804 fructus
1261 772 1385 803 uberes.

181 862 214 893 3.
243 859 397 899 Veryente
421 861 539 892 mundi
567 869 693 900 vespere
880 863 912 892 6.
942 860 1040 899 Patri,
1069 859 1151 898 proli
1179 867 1216 890 ao
1242 857 1364 889 flamini

239 907 397 940 Evurtius
423 908 554 948 eligitur
940 908 989 939 Sit
1012 907 1082 938 laus
1109 911 1140 938 et
1164 906 1323 945 iubilatio,

241 956 285 988 Et
311 956 430 988 clausis
457 957 572 996 culpae
599 965 729 988 carcere
938 955 997 995 Qui
1025 964 1082 986 nos
1109 958 1291 986 sanctorum
1318 954 1435 993 agmini

240 1004 427 1036 Aurelianis
454 1005 605 1036 mittitur.
942 1003 1119 1043 Coniungat
1145 1011 1215 1033 cum
1241 1002 1390 1034 Evurtio.

258 1091 340 1119 offic.
370 1100 425 1118 ms.
455 1090 484 1117 S.
505 1091 626 1117 Evurtii
648 1089 838 1116 Aurelianen.
868 1097 944 1115 saec.
974 1087 1016 1114 15.
1039 1088 1108 1114 Cod.
1131 1088 1266 1114 Vatican.
1291 1088 1361 1122 Reg.
1393 1084 1448 1113 623
1480 1100 1516 1103 -

180 1130 206 1164 3,
231 1129 249 1159 3
270 1131 387 1158 clausit.
417 1145 452 1148 —
481 1129 538 1156 Die
558 1131 730 1164 gesperrten
753 1127 843 1154 Verse
864 1136 917 1153 aus
944 1127 1010 1153 dem
1033 1128 1169 1160 Hymnus
1199 1125 1389 1153 Conditor
1419 1125 1516 1151 aline-

180 1170 358 1197 siderum.

627 1261 694 1291 237.
737 1258 779 1290 De
801 1261 908 1290 saneto
930 1258 1073 1289 Evurtio.

691 1331 742 1358 Ad
770 1331 1005 1358 Nocturnam.

182 1426 212 1458 1,
240 1423 359 1462 Pange,
387 1421 507 1461 lingua,
536 1420 668 1460 gloriosi
880 1421 912 1452 4.
941 1418 1083 1450 Verbum
1112 1418 1197 1449 vitae
1224 1417 1426 1457 praedicavit

287 1470 418 1503 Evurtii
444 1469 571 1509 merita,
990 1466 1068 1498 Cum
1096 1466 1252 1506 exemplis
1279 1465 1394 1497 ceteris

239 1519 388 1553 Hominis
415 1522 481 1550 tam
507 1517 643 1549 virtuosi
940 1517 989 1547 Ac
1015 1514 1162 1546 subditos
1187 1513 1383 1546 confortavit

291 1568 329 1600 In
356 1570 460 1598 morte
486 1569 518 1597 et
543 1565 576 1596 in
604 1565 681 1606 vita,
990 1563 1108 1603 Verbo,
1136 1563 1213 1601 vita,
1241 1563 1355 1601 literis,

241 1617 338 1650 Cuius
365 1619 456 1647 actus
480 1613 593 1646 feriosi
939 1613 989 1644 Ac
1017 1613 1150 1644 devotos
1177 1611 1349 1643 collocavit

290 1664 392 1697 Gesta
417 1663 559 1704 probant
584 1662 708 1696 inclita.
989 1660 1068 1693 Cum
1095 1660 1219 1693 civibus
1245 1660 1382 1700 superis.

179 1754 212 1787 2.
240 1751 345 1785 Nobis
372 1751 481 1783 datum
509 1750 542 1782 in
569 1754 732 1790 pastorem
880 1751 911 1783 5.
939 1748 1078 1780 Tantum
1106 1756 1182 1788 ergo
1208 1747 1394 1787 pontificem

287 1800 488 1832 Veneremur
514 1799 689 1839 supplices,
988 1797 1189 1829 Honoremus
1216 1800 1370 1835 amantes,

237 1849 454 1890 Requiramus
481 1851 699 1889 protectorem
940 1845 1000 1885 Qui
1028 1855 1126 1885 supra
1153 1844 1234 1876 caeli
1261 1845 1415 1876 verticem

289 1897 410 1931 Contra
437 1896 539 1928 hostis
569 1896 678 1937 obices
989 1894 1086 1925 Videt
1113 1897 1241 1925 sanctos
1268 1893 1427 1924 laetantes

238 1947 283 1980 Et
307 1946 484 1979 habeamus
512 1945 690 1983 duetorem,
928 1943 978 1974 Ac
1004 1942 1145 1974 omnium
1172 1942 1329 1973 artificem

289 1995 355 2029 Ubi
380 1998 512 2027 manent
541 1992 664 2025 felices.
991 1992 1067 2024 Sine
1093 1990 1156 2022 fine
1182 1991 1362 2022 laudantes.

178 2085 210 2118 3.
237 2083 277 2116 In
303 2090 456 2123 supremo
481 2081 567 2113 vitae
593 2080 657 2112 fine
879 2081 911 2113 6.
939 2079 1039 2115 Patri,
1068 2082 1156 2118 nato,
1183 2077 1386 2119 procedenti,

288 2130 500 2165 Praedicavit
528 2129 694 2171 fratribus,
987 2126 1141 2158 Trinitati
1168 2126 1322 2157 eminenti

237 2180 285 2214 Ut
311 2179 489 2213 observent
512 2179 617 2219 legem
643 2178 739 2218 plene
937 2175 1050 2207 Honor
1077 2184 1147 2206 cum
1174 2174 1270 2206 laude
1299 2174 1426 2206 decenti

288 2229 369 2262 Cum
395 2227 469 2260 aliis
495 2226 658 2265 fidelibus,
988 2224 1036 2256 Sit
1063 2227 1095 2254 et
1122 2223 1316 2261 benedictio,

239 2277 286 2311 Ut
313 2276 421 2309 fructu
447 2280 600 2308 aeternae
627 2283 725 2306 cenae
940 2272 1000 2312 Qui
1027 2281 1085 2303 nos
1111 2271 1144 2302 in
1168 2280 1267 2311 regno
1295 2270 1430 2312 fulgenti

285 2326 469 2358 Pascantur
495 2332 566 2355 cum
593 2323 717 2355 ovibus.
989 2320 1090 2352 Locet
1117 2329 1186 2351 cum
1214 2319 1362 2353 Evurtio.

179 2452 191 2480 l
227 2412 338 2479 ν(Ξίῑίὶο.
364 2420 418 2438 ms.
446 2410 476 2438 S.
499 2409 618 2437 Evurtii
640 2408 831 2436 Aurelianen.
860 2415 937 2434 saec.
967 2405 1011 2433 15.
1037 2406 1107 2434 Cod.
1131 2407 1267 2434 Vatiean.
1290 2408 1360 2443 Reg.
1391 2405 1456 2435 623.
1478 2422 1516 2427 —-

196 2473 202 2486 ‚
224 2459 242 2480 ὲ)
275 2461 377 2479 erton.
