1653 2656
730 127 870 162 -32
919 146 965 150 --

380 222 598 256 Membrorum
623 228 752 255 cunctas
779 232 948 264 compages
973 227 1068 263 atque
1093 221 1250 254 medullas

426 270 565 302 Discutit
591 275 631 313 et,
658 280 739 311 quae
764 276 837 303 suut
861 272 983 310 intima,
1010 277 1153 310 quaeque
1180 269 1278 302 videt.

301 320 355 352 15.
382 319 468 359 Ignis
496 318 546 349 hic
571 319 603 350 in
629 319 747 350 sanctis
774 319 900 351 divinus
926 320 1011 350 lucet
1036 321 1068 349 et
1094 317 1198 354 ardet,

429 366 506 398 Cum
534 366 573 398 de
600 367 764 398 doctrinae
788 367 906 398 lumine
931 365 1037 398 fervet
1062 374 1162 396 amor.

380 415 444 446 Iste
470 414 530 445 Dei
557 415 685 454 digitus,
711 424 821 445 manus
845 418 894 445 est
918 414 976 446 sed
1003 414 1136 445 dextera
1163 412 1320 453 Christus,

429 461 553 492 Iudicat
579 463 629 493 hie
657 463 784 502 digitus,
811 471 892 502 quae
918 471 1029 493 manus
1054 461 1111 492 illa
1137 459 1226 492 facit.

381 509 487 541 Verba
513 509 605 540 docet
630 509 730 547 verbi,
758 510 907 549 quoniam
933 519 1003 541 cum
1031 508 1154 540 venerit
1179 508 1246 548 ille,

297 559 350 590 20.
427 556 579 596 Suggeret
607 557 657 588 hic
682 556 771 588 vobis
797 558 912 598 omnia,
939 556 1084 590 Christus
1111 556 1166 588 ait.

379 604 483 636 Corda
509 605 612 644 replet
637 613 742 642 sensu,
769 605 850 636 ditat
876 604 1076 636 sermonibus
1100 613 1167 645 ora,

426 652 539 682 Gratia
565 655 637 683 suut
663 652 730 683 eius
755 653 872 690 omnia,
898 661 979 692 quae
1005 652 1088 684 bona
1115 656 1199 684 sunt.

377 699 489 731 Omnia
515 699 598 731 dona
624 700 684 731 Dei
710 703 784 731 sunt
809 700 920 742 ipsius,
947 701 1018 740 ipse
1044 701 1158 740 quibus
1186 700 1264 741 vult,

422 747 584 786 Quomodo
610 748 800 787 quandoque
827 749 904 790 vult,
932 749 1038 780 omnia
1065 747 1242 780 distribuit.

295 797 349 827 25.
378 796 499 826 Auctor
524 799 708 827 cunctorum
735 800 1003 837 conservatorque
1030 796 1185 828 bonorum

425 842 563 874 Dedicat.
588 844 620 874 iu
645 844 799 883 templum
826 853 961 884 corpora
986 848 1096 876 nostra
1122 854 1223 876 suum.

377 891 414 921 In
441 900 502 929 quo
527 896 659 930 septeno
686 901 740 923 cor
765 901 895 924 munere
921 897 1088 924 consecrat
1113 902 1199 924 aram

428 939 471 971 Ut
499 943 593 978 queat
619 939 709 970 offeri
736 939 864 971 victima
889 945 981 980 grata
1006 940 1102 980 patri.

380 985 518 1024 Spiritus
545 991 603 1026 est,
631 996 649 1017 a
674 996 735 1026 quo
760 991 843 1027 sunt,
870 988 922 1027 qui
947 993 1018 1019 sunt
1046 988 1242 1030 spirituales,

296 1035 351 1065 30.
428 1034 549 1073 Quique
575 1034 623 1065 sui
649 1035 802 1073 templum
829 1036 996 1075 spirituale
1023 1034 1111 1068 facit.

378 1081 439 1112 Hic
465 1082 562 1123 locus,
590 1081 642 1112 hic
667 1081 739 1113 finis
766 1087 811 1113 est
839 1084 909 1122 ipso
935 1093 1058 1123 quoque
1084 1084 1210 1114 nomine
1237 1088 1318 1115 teste

423 1130 483 1168 Qui
510 1137 544 1160 re
570 1137 604 1160 se
630 1130 742 1160 melius
767 1131 884 1162 sentiat
909 1139 976 1162 esse
1002 1140 1102 1164 suum.

264 1231 384 1259 Collect.
418 1240 469 1257 ms.
502 1232 749 1268 Bridlingtonieu.
781 1241 855 1260 saec.
890 1231 962 1260 ¹²1'13.
989 1233 1058 1261 Cod.
1085 1235 1228 1262 Oxonien.
1256 1237 1357 1272 Digby
1394 1234 1440 1264 53.
1471 1253 1506 1256 —

190 1269 339 1297 Abschrift
368 1278 426 1296 von
454 1271 490 1296 H.
521 1271 560 1296 M.
582 1271 748 1298 Bannister.
770 1286 806 1289 —
830 1273 901 1299 Dies
926 1272 997 1299 Lied
1028 1273 1118 1300 bildet
1145 1275 1175 1301 in
1201 1275 1252 1301 der
1275 1276 1327 1302 Hs.
1357 1276 1413 1302 mit
1439 1275 1505 1303 dem

187 1307 444 1343 vorliergehenden
460 1309 605 1335 insoferne
621 1310 710 1341 eines,
735 1309 778 1336 als
794 1319 823 1336 es
839 1310 1047 1337 ausdriicklich
1063 1312 1106 1338 als
1122 1313 1224 1339 Parti
1235 1314 1288 1340 tio
1304 1313 1355 1340 des
1371 1317 1504 1341 ersteren

188 1347 355 1373 bezeiclinet
384 1346 456 1372 wird
477 1347 535 1372 und
556 1347 607 1373 das
630 1348 727 1374 Ganze
748 1347 795 1375 die
815 1349 975 1375 Aufsehrift
996 1351 1089 1386 triigt:
1113 1351 1164 1382 „Iu
1186 1352 1397 1383 Pentecosten,
1427 1353 1505 1388 apud

189 1385 373 1419 paracletum,
396 1383 432 1409 «50
453 1394 554 1411 versus
575 1385 733 1412 seeundum
754 1395 905 1414 numerum
929 1388 1041 1414 dierum
1064 1398 1081 1414 a
1095 1388 1238 1416 Pascha“.
1274 1390 1314 1417 Es
1333 1391 1420 1417 riickt
1434 1391 1506 1418 aber

187 1424 272 1449 einen
296 1431 390 1449 neuen
406 1422 566 1450 Gedankeu
588 1433 619 1450 so
643 1424 752 1459 kraftig
776 1425 805 1451 in
827 1426 882 1452 den
898 1425 1111 1461 Vordergmnd,
1135 1428 1199 1454 dass
1222 1437 1252 1455 es
1267 1429 1331 1455 sich
1346 1429 1414 1456 sehr
1431 1430 1506 1456 selb-

188 1461 303 1495 stiindig
324 1462 510 1496 priisentiert.

634 1603 679 1633 47.
722 1603 761 1633 De
783 1604 914 1644 Corpore
936 1605 1061 1637 Christi.

657 1683 706 1709 Ad
733 1683 1034 1718 Completoriuin.

189 1777 220 1810 1.
248 1777 395 1810 Christus
422 1786 496 1809 vere
521 1783 629 1810 noster
655 1779 752 1816 cibus,
875 1784 906 1813 4.
935 1782 1030 1814 Panis
1056 1784 1116 1815 iste
1143 1785 1324 1818 dulcedinis

247 1825 392 1857 Christus
418 1834 493 1858 vere
518 1831 626 1858 noster
649 1831 751 1868 potuS‚
934 1830 1032 1862 Totus
1059 1832 1171 1871 plenus
1197 1838 1246 1866 est
1270 1836 1402 1875 gratiae,

246 1874 328 1906 Caro
354 1873 414 1905 Dei
438 1882 512 1905 vere
539 1874 637 1911 cibus,
933 1879 1017 1910 Alvo
1039 1884 1178 1919 gestatus
1205 1882 1337 1922 virginis

246 1920 381 1962 Sanguis
406 1921 467 1953 Dei
494 1931 567 1953 vere
593 1926 698 1962 potus.
934 1926 1002 1957 Rex
1029 1931 1077 1958 est
1101 1932 1251 1962 aeternae
1278 1932 1407 1971 glon'ae.

186 2027 217 2059 2.
247 2026 330 2059 Caro
357 2035 441 2066 cara,
471 2036 564 2067 quam
589 2028 750 2068 sumimus,
876 2034 907 2063 5.
935 2032 1031 2064 Cuius
1057 2034 1148 2071 panis
1174 2037 1309 2076 angelici

245 2075 344 2114 Quam
371 2076 543 2114 assumpsit
571 2075 610 2106 de
637 2075 768 2117 virgine,
934 2078 1121 2119 Saginemur
1147 2083 1352 2124 pinguedine,

244 2122 346 2154 Verus
372 2123 518 2164 sanguis,
545 2133 639 2163 quem
666 2123 814 2167 bibimus,
934 2126 977 2158 Et
1003 2132 1067 2159 tam
1091 2130 1137 2168 pii
1163 2131 1272 2164 viatici

244 2170 341 2209 Quem
369 2170 481 2202 effudit
507 2181 567 2211 pro
594 2171 730 2206 homine.
936 2174 1141 2209 Delectemur
1168 2179 1349 2213 dulcedine.

185 2276 217 2308 3.
246 2276 328 2307 Vere
353 2276 410 2308 tali
436 2278 589 2317 mysterio
875 2282 907 2313 6.
934 2281 960 2314 Ο
988 2282 1125 2314 caeleste
1150 2286 1342 2327 convivium,

243 2323 383 2355 Verbum
410 2334 484 2357 caro
510 2326 700 2365 comeditur,
932 2329 958 2362 Ο
983 2329 1149 2362 beatorum
1172 2333 1284 2376 gloria,

243 2372 306 2404 Per
333 2373 418 2412 quod
446 2374 532 2414 viget
556 2375 679 2415 religio,
934 2377 960 2410 O
986 2379 1111 2418 requies
1136 2379 1311 2425 humilium,

243 2421 307 2453 Per
331 2421 417 2461 quod
443 2422 536 2454 nobis
561 2423 755 2464 ingreditur.
932 2426 1075 2460 Aeterna
1101 2427 1212 2461 confer
1237 2431 1366 2470 gaudia.
