1653 2656
0 0 89 95 5

672 138 721 145 -
772 119 839 154 109
889 139 936 144 -

120 218 173 251 ·5.
200 217 362 251 Canamus
389 225 468 257 ergo
494 217 618 258 pariter
839 218 870 251 6.
898 216 947 249 Sit
969 217 1040 248 laus
1066 215 1136 256 tibi,
1163 216 1310 255 Domine,

201 265 372 298 Caelorum
399 265 514 298 laudes
542 265 668 298 debitas
897 265 1009 297 Honor
1037 262 1103 308 [sit]
1131 268 1227 304 atque
1253 263 1366 303 gloria,

202 313 247 346 Et
272 313 496 354 persolvamus
522 314 641 354 iugiter
897 313 941 345 Et
965 322 1023 345 nos
1049 316 1218 353 precantes
1244 311 1373 352 suscipe

202 361 244 394 Ei
269 361 366 394 horas
391 362 569 396 continuas.
900 361 938 393 In
966 362 1096 394 Catervi
1124 361 1295 393 consortia.

139 497 162 526 c
184 505 198 525 r
217 457 342 503 Qollect.
373 458 528 486 Constant.
550 459 685 486 Caietani
713 467 789 486 saec.
820 456 862 485 17.
885 457 957 485 cod.
978 457 1169 484 Alexandria.
1197 454 1233 484 96
1253 456 1312 489 (ΙΙ).
1334 470 1372 474 —
1394 454 1426 487 4,
1455 452 1477 481 3

163 506 184 525 u
216 505 289 525 eius.

572 609 632 640 186.
675 609 717 640 De
738 610 848 640 sancta
870 607 1039 640 christina.

648 680 688 707 In
717 678 740 706 l.
769 679 958 714 Vesperis.

411 759 443 793 1.
472 758 616 798 Virginis
641 758 727 798 proli
753 755 836 789 facie
864 756 990 796 decora,

470 807 642 838 Pulchrior
669 805 733 837 fide
761 805 896 837 caritate
920 805 1038 844 iuncta,

470 855 566 887 Clara
591 855 771 895 triumphat
797 857 920 892 martyr
946 853 977 883 in
1005 853 1153 895 excelsis,

614 904 733 936 Sancta
759 902 936 936 christina.

411 1001 429 1032 ΚΟ

437 1026 443 1032 .
472 1000 610 1032 Nomine
637 1002 748 1031 sancto
773 998 863 1038 virgo
889 998 1062 1039 nominata,

469 1047 684 1080 Iucunditatis
711 1047 781 1078 oleo
808 1049 975 1087 peruncta,

471 1097 615 1128 Tramite
640 1099 728 1127 recto
755 1095 855 1125 currit
881 1094 913 1125 in
940 1094 1071 1125 odorem

618 1143 735 1184 Sponsi
761 1142 931 1174 trahentis.

417 1243 447 1275 3.
477 1241 570 1274 Idola
596 1241 698 1281 patris
726 1238 845 1279 frangit
873 1241 903 1270 et
928 1238 1036 1279 egenis

472 1291 582 1322 Aurea
609 1290 707 1321 donat
735 1287 882 1328 figurata,
912 1287 1040 1319 Christo

473 1338 612 1370 Nomine
639 1341 713 1368 voto
740 1337 838 1368 vertit
864 1336 896 1367 in
924 1336 1058 1367 salutem

618 1386 728 1419 Pretia
754 1385 876 1416 mortis.

413 1485 445 1516 4.
472 1483 604 1516 Censuit
630 1485 724 1522 pater
751 1481 851 1512 cultui
878 1481 1009 1512 deorum

473 1531 557 1563 Fore
585 1531 775 1563 sacrandam
804 1529 901 1560 nimio
929 1529 1055 1569 decore,

471 1580 535 1612 Sed
563 1588 639 1611 voce
667 1578 828 1612 Christum
857 1577 1025 1617 praedicat
1052 1579 1082 1607 et
1110 1574 1187 1606 colit

614 1628 725 1660 Mente
752 1627 878 1659 devota.

413 1728 443 1758 5.
474 1725 544 1756 Non
573 1734 675 1766 poena
702 1723 826 1763 mortis,
854 1732 916 1754 non
944 1722 1028 1753 vitae
1053 1719 1234 1761 praesentis

470 1774 713 1806 oblectamenta
740 1772 865 1812 singula
890 1771 1049 1810 promissa

470 1821 554 1854 Fide
583 1821 749 1854 fundatam
777 1830 875 1860 supra
902 1819 1026 1851 firmam
1053 1821 1178 1858 petram

616 1871 744 1902 Vellere
770 1872 914 1910 possunt.

411 1969 443 2001 6.
471 1969 569 1999 Veste
595 1968 728 2005 nudata,
754 1975 886 1998 numero
914 1965 963 1996 bis
990 1973 1066 1996 seno

473 2017 577 2049 Caesa
602 2017 764 2053 lictorum,
793 2015 894 2047 donec
921 2014 1012 2054 lapsa
1042 2021 1155 2044 manus

474 2065 568 2098 Cedit
595 2065 707 2105 iniqui,
735 2066 890 2105 provocat¹
915 2062 1074 2095 insultans

615 2114 717 2146 Laeta
743 2117 926 2153 tyrannum.

413 2213 443 2246 7.
471 2211 584 2244 Gloria
609 2210 716 2242 laudis
742 2210 784 2241 sit
811 2212 942 2240 aeterno
969 2205 1065 2247 patri,

473 2260 612 2293 Genitae
638 2259 734 2300 proli,
762 2256 883 2289 flamini
911 2259 1048 2290 sacrato,

471 2308 518 2342 Sit
546 2318 611 2350 pax
638 2312 670 2339 et
696 2307 783 2339 salus
810 2304 902 2337 nobis
928 2305 1113 2335 interventu
1140 2311 1142 2314 ’

615 2355 762 2396 Virginis
789 2354 903 2387 almae.

220 2455 332 2484 Pontis.
354 2464 407 2482 ms.
429 2453 630 2482 Paulanorum
653 2460 730 2479 saec.
754 2449 798 2478 15.
820 2449 892 2477 Cod.
914 2448 1010 2476 Vatic.
1033 2445 1134 2474 Ottob.
1157 2441 1222 2471 502.
