1653 2656
676 128 940 164 —171—

838 227 870 259 6.
895 224 974 256 Eius
1003 221 1094 254 nobis
1120 219 1286 259 suffragio,

900 274 984 312 lesu,
1012 271 1054 302 da
1080 269 1194 308 culpae
1219 267 1345 298 veniam

898 321 943 353 Et
968 322 1000 351 in
1028 318 1109 350 caeli
1131 316 1252 356 palatio

901 367 1096 401 Perenniter
1121 365 1288 396 laetitiam.

139 235 177 266 5.
204 233 311 264 Verae
337 231 413 263 vitis
440 232 473 262 in
500 230 633 270 palmite

204 280 288 312 Dum
316 284 364 311 tot
390 278 506 311 florent
531 278 680 318 insignia,

201 329 296 361 Laeti
324 327 454 369 fratres,
483 326 643 358 concinite

203 377 240 409 In
268 376 421 408 laudibus
447 379 479 407 et
505 375 590 408 edia.

221 452 289 479 Ant.
312 455 341 479 et
362 452 461 486 hymn.
485 460 538 477 ms.
560 450 705 477 Scarense
726 456 803 474 saec.
819 444 878 482 [14.
894 443 935 481 et]
951 443 994 471 15.
1011 442 1082 470 Cod.
1100 441 1242 477 Upsalen.
1271 440 1293 466 C
1308 436 1374 465 422.
1392 438 1424 464 A.
1443 450 1477 454 —

144 493 230 520 Brev.
252 492 440 526 Lincopense
465 491 535 524 imp.
557 488 778 522 Nurembergae
802 483 886 513 1493.
913 485 947 511 B.
963 498 1000 502 —
1016 481 1043 514 2.
1062 479 1080 508 3
1095 482 1151 508 Per
1166 480 1280 507 aurium
1299 477 1474 512 supplicium

143 531 178 558 A.
203 544 237 548 —
260 530 329 566 Vgl.
352 529 526 563 Klemming
548 528 572 560 1,
598 524 652 554 133
673 535 702 552 u.
726 525 744 552 f.

520 651 590 681 292.
632 649 666 680 ln
689 646 911 679 Translatione
935 654 957 675 s.
980 642 1116 675 Heurici.

676 709 726 735 Ad
754 707 952 742 VesperaS.

852 787 885 818 4.
912 783 1031 815 Verbo.
1058 782 1142 812 vitae
1171 778 1343 811 virtutibus

912 831 1101 863 Tesaurizat
1126 828 1276 867 fideliter,

913 879 996 911 Fide
1022 881 1172 909 constans
1200 880 1229 906 et
1256 873 1398 905 moribus

913 928 1069 959 Fructum
1095 924 1185 956 metit
1212 922 1409 963 perenniter.

151 796 183 827 1.
212 792 337 827 Gaude,
366 794 476 822 coetus
504 789 659 827 fidelium,

210 841 302 873 Nova
331 849 391 880 per
417 839 497 870 haec
524 836 703 873 sollemnia,

213 889 351 922 Sanctus
378 887 540 919 Henricus
564 885 712 917 bravium

215 938 351 970 Sumens
378 936 461 976 petit
488 934 650 966 caelestia.

153 1018 184 1050 2.
214 1016 343 1047 Virtute
370 1014 456 1044 vitae
483 1011 622 1043 caelicus
855 1007 886 1036 5.
915 1004 1012 1034 Velut
1038 1002 1145 1034 David
1173 999 1355 1038 intrepidus

215 1063 393 1096 Doctrinae
419 1057 657 1100 praepollentia
914 1052 1046 1083 Manum
1075 1050 1162 1080 misit
1188 1048 1229 1079 ad
1255 1046 1353 1078 fortia

217 1111 351 1145 Praesul
379 1109 511 1140 effectus
538 1106 649 1138 deicus
916 1100 958 1131 Et
984 1104 1019 1130 ut
1045 1098 1135 1129 Elias
1162 1095 1307 1127 fervidus

217 1160 303 1194 Mira
330 1156 503 1198 praefulsit
529 1154 646 1195 gratia.
917 1147 1075 1187 Pugnavit
1103 1154 1161 1185 pro
1188 1143 1324 1175 iustitia.

158 1240 189 1272 3.
217 1237 373 1277 Upsaliae
400 1233 582 1275 primatiam
857 1228 892 1260 6.
917 1225 1020 1257 Huius
1046 1223 1138 1254 nobis
1165 1220 1361 1261 precatibus,

219 1285 417 1324 Relinquens
444 1287 564 1313 terram
590 1279 771 1311 Finnonum
920 1276 1003 1311 lesu,
1032 1272 1074 1303 da
1099 1278 1217 1311 perpes
1244 1267 1407 1308 gaudium,

219 1333 334 1367 Adivit
361 1340 421 1373 per
446 1329 633 1362 instantiam
919 1326 988 1361 Quo
1014 1325 1119 1351 tecum
1146 1319 1177 1349 in
1206 1315 1398 1348 caelestibus

221 1382 350 1415 Docens
378 1380 518 1411 cultores
546 1378 748 1408 daemonum.
920 1370 1049 1403 Gaudet
1077 1372 1186 1399 coetus
1213 1365 1369 1397 fidelium.

242 1458 413 1492 Klemming
434 1456 457 1487 Ι,
488 1452 550 1481 135.
574 1468 609 1472 -—
632 1452 739 1479 Dieser
765 1449 824 1476 und
853 1449 901 1475 die
930 1445 1087 1480 folgenden
1110 1443 1214 1470 beiden
1237 1442 1375 1475 Hyninen
1401 1447 1497 1464 wau-vn

163 1501 193 1526 in
215 1496 389 1526 Stoekholm
421 1496 451 1521 in
484 1493 535 1520 der
560 1500 618 1518 von
649 1490 820 1525 Klemming
848 1485 1059 1514 bezeichneten
1082 1482 1187 1515 Quelle
1216 1480 1298 1507 nicht
1319 1478 1496 1505 austindbar.

164 1537 213 1565 Ich
241 1544 363 1571 vermag
390 1533 482 1560 daher
503 1540 560 1558 nur
581 1529 766 1564 Klemmings
787 1528 863 1554 Text
884 1522 1136 1558 wiederzugeben.
1159 1535 1191 1539 —
1215 1518 1242 1552 4,
1264 1516 1281 1545 2
1303 1517 1496 1544 Tliesaurizat

163 1577 279 1604 fortiter
298 1575 355 1607 (K).

532 1653 601 1684 293.
644 1653 677 1683 ln
700 1650 923 1682 ‘translatione
946 1656 969 1678 s.
994 1644 1131 1677 Henrici.

676 1713 726 1740 Ad
754 1712 997 1739 Nocturnum.

173 1803 203 1834 1.
232 1800 310 1832 Dies
337 1796 492 1830 sollennis
520 1794 690 1836 promicat,
870 1792 903 1823 4.
930 1787 1041 1820 Effuso
1067 1792 1204 1824 namque
1231 1781 1384 1821 sanguine

233 1849 397 1880 Virtutum
425 1849 497 1886 post
526 1841 740 1883 frequentiam

237 1897 367 1936 Martyr
397 1893 558 1927 Henricus
585 1891 702 1922 emicat

236 1945 326 1980 Caeli
353 1948 528 1976 venustans
556 1940 688 1973 curiam.

175 2029 206 2061 2.
235 2025 405 2058 Talentum
432 2021 495 2054 sibi
522 2019 680 2052 creditum

235 2076 378 2114 Angeias,
407 2071 483 2103 dum
509 2074 630 2101 terram
658 2066 787 2106 circuit,

234 2122 393 2155 Insultum
422 2129 482 2160 per
506 2117 706 2158 incognitum

235 2173 466 2204 Perversorum
494 2166 655 2199 occubuit.

178 2253 210 2286 3.
238 2251 401 2282 Virtutum
427 2245 522 2277 iubar
548 2243 656 2275 modio

239 2296 390 2330 Prodivit
411 2298 444 2326 et
470 2302 508 2325 ex
535 2291 682 2330 latebris,

244 2346 321 2378 Veri
345 2344 424 2376 vitis
451 2343 485 2374 in
512 2340 605 2373 radio

243 2395 371 2429 Palmes
396 2390 536 2433 patescit
562 2387 711 2422 celebris,

935 1837 1025 1868 Fons
1051 1834 1154 1874 glacie
1180 1841 1253 1863 mox
1280 1830 1409 1869 scatuit‚

932 1885 1071 1917 Manans
1098 1883 1130 1913 in
1154 1880 1260 1920 stagni
1286 1878 1419 1909 flumine

934 1933 1068 1966 Morbos
1096 1931 1241 1962 diversos
1268 1927 1380 1959 abluit.

897 2039 905 2047 .
934 2013 1095 2044 Birretum
1125 2008 1208 2040 sacri
1236 2005 1394 2046 praesulis

934 2061 1032 2093 Suum
1059 2057 1190 2090 retorsit
1216 2054 1386 2094 aemulum,

935 2110 1058 2141 Corvus
1084 2107 1116 2137 in
1144 2104 1228 2137 veris
1255 2102 1393 2134 modulis

937 2158 1017 2190 Cum
1043 2154 1188 2186 membro
1211 2151 1324 2192 pandit
1343 2150 1506 2182 annulum.

903 2262 909 2268 .
937 2235 1041 2267 Huius
1067 2231 1160 2264 nobis
1186 2228 1384 2270 precatibus,

939 2284 1024 2321 Iesu,
1052 2281 1094 2313 da
1122 2287 1239 2320 perpes
1265 2277 1427 2317 gaudium.

938 2333 1006 2372 Quo
1033 2335 1137 2362 tecum
1164 2328 1196 2359 in
1223 2325 1415 2358 caelestibus

940 2380 1070 2413 Gaudet
1097 2381 1205 2409 coetus
1232 2375 1385 2408 fidelium.

256 2471 428 2505 Klemming
451 2468 475 2503 1,
500 2463 556 2493 136
577 2474 607 2492 u.
629 2464 648 2491 f.
671 2478 706 2483 —
728 2462 796 2498 Vgl.
818 2460 870 2488 das
893 2467 929 2485 zu
950 2458 1004 2486 Nr.
1024 2453 1080 2483 292
1103 2452 1267 2481 Bemerkte.
