1653 2656
714 148 969 185 —292—

180 252 212 284 3.
240 249 349 289 Syrus,
375 247 520 289 pontifex
545 249 598 288 qui
624 247 745 288 primus

239 298 395 330 Ducatum
425 296 489 328 fert
514 295 722 336 sequentium,

239 345 301 377 Sed
328 345 504 376 Inventium
530 353 592 376 non
618 344 699 375 imus

238 394 341 426 Locus
369 392 441 423 beat
467 392 650 423 viventium.

179 501 212 531 4.
239 499 420 531 L'rsecenus
446 497 617 528 assumitur

237 547 290 578 Ad
317 546 460 576 veritatis
486 545 641 584 semitam,

237 595 335 634 Quam
361 594 455 624 etiam
482 593 666 632 exsequitur

238 642 300 673 Per
325 649 546 681 praecessores
572 639 744 680 proditam.

178 749 210 778 5.
241 746 417 785 Crispinus,
444 746 493 776 vir
518 745 712 787 mitissimus,

237 794 386 825 Director
412 793 594 833 Epsphanii,

235 842 294 875 Cui
320 842 471 872 successit
497 841 640 880 protinus

238 890 272 920 In
300 889 452 929 gradibus
479 888 586 920 officii.

179 996 210 1026 6.
236 994 329 1025 Hunc
356 994 516 1025 Maximus
543 1002 580 1024 ex
607 993 740 1034 nomine,

236 1042 299 1072 Sed
325 1041 460 1080 amplior
484 1042 517 1071 in
542 1041 674 1080 meritis,

237 1089 443 1128 Prosequitur
469 1097 507 1119 ex
533 1097 662 1119 munere

236 1137 422 1168 Associatus
449 1136 583 1175 superis.

886 247 916 278 7.

863 994 916 1025 10.

944 246 989 277 At
1014 244 1166 283 eloquens
1192 242 1338 275 Enodius

942 293 1052 325 Mores
1078 290 1234 323 describit
1258 289 1436 329 hominum,

944 339 1137 372 Fecundans
1162 338 1228 370 suis
1254 337 1379 370 actibus

945 388 1131 428 Catalogum
1157 386 1341 419 illustrium.

911 519 918 526 .
945 494 1040 526 Alter
1066 493 1235 534 Crispinus
1260 492 1364 524 oritur

948 543 979 573 ln
1004 541 1184 582 praesulari
1209 541 1301 581 solio,

947 591 1045 630 Quem
1073 589 1250 622 Damianus
1276 587 1422 628 sequitur

948 639 984 670 In
1010 637 1149 677 spiritali
1175 637 1292 669 studio.

911 769 919 776 .
946 743 1134 775 Theodorus
1157 742 1189 774 in
1215 743 1285 774 acie

947 791 1024 823 Cum
1051 791 1170 822 sanctis
1195 789 1411 831 pontificibuS‚

946 840 1172 879 Hieronymus,
1200 848 1254 870 vas
1280 838 1413 878 gratiae,

947 888 1024 919 Cum
1051 888 1196 918 maximis
1222 886 1400 926 spiritibus.

945 993 1006 1024 Pro
1032 1001 1215 1024 successore
1241 992 1353 1024 humili

945 1041 1060 1072 Coetus
1086 1044 1155 1071 oret
1181 1040 1233 1071 hic
1260 1049 1427 1080 supernus,

945 1088 1112 1119 Decedens
1138 1089 1256 1119 mundo
1282 1087 1390 1128 fragili

945 1136 989 1168 Ut
1015 1135 1157 1167 salvetur
1184 1135 1371 1168 Gulielmus.

515 1242 568 1274 11.
596 1240 772 1272 Salutarem
800 1240 949 1280 Papiensi

599 1288 700 1318 Vitam
727 1292 859 1327 poscant
885 1288 1008 1319 civitati

595 1337 642 1366 Ac
668 1334 808 1366 favorem
835 1335 995 1366 Ticinensi

595 1383 679 1415 Dent
705 1383 854 1414 honorem
880 1383 1028 1416 trinitati.

253 1486 372 1512 Collect.
404 1495 457 1512 ms.
487 1486 642 1513 'riomense
673 1489 708 1517 (2²)
737 1495 812 1513 saec.
841 1485 882 1513 15.
910 1487 980 1513 Cod.
1009 1488 1132 1514 Roman,
1164 1485 1236 1514 1300
1263 1489 1385 1517 tSessor.
1415 1487 1491 1521 343).

178 1524 212 1549 Α.
232 1537 269 1541 -—
290 1524 422 1550 Officium
445 1524 542 1550 Patris
568 1525 676 1554 Nostri,
703 1526 795 1551 sancti
818 1527 893 1560 Syri,
922 1526 1063 1561 Episcopi
1085 1527 1250 1561 Papiensis,
1273 1527 1384 1562 Papiae
1410 1526 1492 1554 1564.

178 1561 216 1590 B:
240 1561 346 1588 <taraus
367 1562 475 1588 Prelini
497 1563 515 1588 l.
537 1572 561 1587 c.
583 1572 608 1597 p.
632 1561 676 1588 71.
697 1578 731 1581 —
749 1562 791 1593 10,
812 1562 831 1589 4
852 1563 1019 1590 Guilidinus
1041 1566 1080 1596 Α;
1103 1564 1154 1591 der
1176 1565 1298 1591 ssischof
1316 1566 1494 1599 Gulielmus,

175 1600 222 1626 t‘tir
249 1600 303 1625 den
332 1599 394 1626 hier
422 1601 537 1635 geluetet
566 1601 650 1630 wird,
678 1601 735 1628 und
757 1602 807 1628 der
827 1602 903 1628 wohl
925 1603 969 1628 als
991 1602 1143 1629 Vert'asser
1163 1603 1214 1630 der
1237 1604 1373 1638 Hymnen
1394 1605 1493 1640 gelten

177 1637 249 1668 darf,
272 1637 383 1664 scheint
403 1638 566 1664 Guilelmus
589 1639 727 1665 Centuria
747 1639 780 1665 Ο.
797 1639 825 1665 S.
843 1641 872 1666 F.
897 1638 1085 1667 1356—140‘2
1107 1651 1142 1668 zu
1164 1643 1243 1676 sein3
1266 1643 1352 1669 einen
1374 1643 1498 1670 Bischof

177 1676 348 1702 Guilidinus
371 1676 446 1703 finde
469 1676 513 1702 ich
537 1678 565 1703 in
587 1677 637 1703 der
660 1678 862 1705 Risi-hofsliste
884 1687 942 1705 von
964 1679 1058 1705 Pavia
1079 1679 1169 1706 nicht.

589 1856 656 1886 492.
697 1856 738 1886 De
761 1865 783 1886 s.
806 1857 884 1895 Syro
907 1857 1070 1889 Ticinensi.

674 1945 714 1971 In
741 1943 767 1972 2.
794 1946 984 1981 Vesperis.

176 2051 208 2084 1.
237 2050 333 2082 Secus
357 2051 528 2088 Christum,
555 2061 624 2083 cum
647 2053 687 2084 nd
706 2053 799 2084 istum

283 2099 454 2138 Extemplo
481 2109 541 2131 vox
568 2105 768 2139 pervenerat,

234 2146 333 2186 Syrus
359 2148 436 2183 sitit.¹
464 2148 615 2179 mundum
641 2149 750 2189 mittit,

278 2195 351 2226 Iam
366 2195 513 2228 Christus
524 2199 614 2228 astra
624 2197 823 2230 ascenderat.

169 2301 202 2334 2.
230 2300 355 2332 Gaudet
381 2301 494 2343 solum,
520 2302 601 2341 petit
627 2303 734 2343 polum

279 2349 340 2380 Pro
366 2359 495 2380 munere
520 2350 689 2389 pontificis⁷

230 2396 343 2428 Prodit
368 2396 524 2439 fraudem,
551 2398 648 2431 donat
665 2399 794 2434 laudem

277 2445 389 2477 Secum
413 2449 601 2478 sanctorum
627 2448 763 2483 meritis.

863 2055 894 2086 3.

921 2054 990 2085 Ima
1015 2055 1140 2096 pandit,
1167 2057 1233 2088 alta
1259 2059 1385 2090 scandit

969 2103 1005 2134 In
1031 2108 1212 2135 sanctoruni
1240 2106 1386 2147 collegia,

919 2150 1038 2189 Culpas
1064 2151 1161 2192 lavat,
1187 2153 1272 2184 unde
1299 2160 1393 2194 parat

971 2199 1078 2231 Beata
1105 2201 1197 2233 nobis
1219 2203 1356 2241 quadiu.

855 2305 891 2338 4,
919 2303 1025 2344 Surgit
1052 2306 1156 2346 turbo⁷
1183 2309 1285 2340 saevit
1313 2320 1422 2343 mucro

966 2352 1096 2386 Fideles
1118 2359 1390 2397 persequentium,

920 2401 1035 2434 Caedit
1060 2402 1173 2443 hostis,
1201 2411 1307 2438 exstat
1335 2406 1441 2450 fortis,

965 2449 1067 2490 Deus,
1095 2456 1228 2485 tuorum
1254 2455 1409 2489 militum.
