1653 2656
751 137 1016 173 —225—

487 224 517 257 7.
548 226 591 259 Ut
619 226 682 261 frui
708 234 814 265 tecum
840 243 1020 269 mereamur
1045 248 1156 272 omnes

545 273 657 309 Gloria
683 281 807 312 cunctis
834 284 940 322 posita
966 285 1081 326 beatiS,

546 324 615 362 Qua
642 325 728 358 Deus
753 329 829 361 iusti
855 334 1033 371 praemium
1060 336 1180 369 laboris

619 374 742 407 Reddit
769 387 948 414 amoenum.

481 465 513 498 8.
541 467 590 499 Sit
615 469 685 509 tibi,
716 473 794 504 celsi
821 475 1006 510 moderator
1031 480 1131 520 orbis,

538 515 634 553 Laus,
664 519 775 560 honor,
803 523 905 555 virtus
932 526 1025 558 simul
1053 533 1083 559 et
1113 534 1269 574 potestas,

537 564 596 603 Qui
623 575 722 606 supra
748 571 830 601 caeli
856 573 979 606 resides
1005 584 1156 610 cacumen

614 613 732 647 Trinus
759 622 790 649 et
812 628 904 653 unus,

283 700 371 729 Brev.
393 703 607 741 Andegaveuse
631 710 698 745 imp.
722 711 846 741 Parisiis
871 713 952 743 1551.

617 870 685 900 375.
729 873 770 903 De
794 878 903 907 sancto
926 877 1127 918 Magnobodo.

712 942 761 969 Ad
788 944 1023 976 Matutinum.

198 1015 228 1048 1.
258 1017 352 1050 Nunc
378 1025 488 1054 noster
515 1023 665 1063 hymnum
686 1031 832 1062 concinat

893 1036 925 1066 5.
953 1035 1108 1069 Nummus
1137 1042 1230 1074 datus
1257 1047 1452 1084 pauperibus

256 1066 379 1099 Chorus
406 1078 522 1103 sonoro
549 1075 698 1117 carmine,

952 1083 1042 1115 Pluri
1068 1087 1240 1122 sub-auctus
1267 1102 1398 1126 numero

255 1112 340 1146 Dum
367 1119 527 1155 praesulis
553 1121 752 1162 Magnobodi

254 1161 386 1195 Festum
415 1166 557 1199 celebrat
584 1179 735 1206 annuum.

217 1281 223 1287 .
253 1257 407 1292 Miranda
433 1262 530 1302 plane
557 1267 691 1299 caelitus

248 1305 419 1340 Donautur
443 1310 498 1342 isti
525 1322 668 1355 munera,

245 1354 332 1393 Quae
360 1356 423 1389 iam
450 1368 591 1400 superna
617 1365 721 1403 gratia

951 1131 1075 1164 Crescit
1098 1135 1228 1169 refectis
1255 1141 1388 1181 singulis

946 1179 1144 1215 Mirantibus
1171 1186 1343 1223 clientulis,

916 1300 923 1307 .
952 1275 1047 1308 Hunc
1076 1280 1288 1320 deprecemur
1314 1289 1484 1334 supplices,

950 1325 992 1358 Ut
1020 1336 1077 1358 nos
1104 1330 1158 1368 pio
1185 1334 1358 1367 munimine

947 1374 1061 1406 servet
1087 1377 1127 1408 ab
1154 1380 1392 1417 imminentibus

249 1403 284 1434 In
313 1413 409 1437 carne
428 1413 607 1442 monstrant
628 1414 820 1451 praeditum.
949 1421 1059 1454 Hostis
1088 1426 1190 1459 dolosi
1221 1428 1399 1466 fraudibus.

184 1499 216 1531 3.
245 1499 366 1533 Orante
392 1508 504 1536 sancto
532 1505 669 1540 callidus

246 1547 446 1588 Propellitur
473 1553 512 1584 de
541 1563 675 1595 corpore

243 1595 366 1637 Hostis,
395 1599 553 1642 daturque
580 1607 739 1639 inentibus

241 1643 284 1675 Et
311 1647 459 1680 sensibus
486 1653 704 1692 tranquillitas

887 1519 903 1550 *l

909 1543 915 1550 .
945 1519 993 1550 Ne
1020 1521 1151 1555 sorbeat
1179 1535 1236 1558 nos
1263 1538 1379 1569 aspera

943 1567 1059 1601 Mundi
1087 1574 1242 1616 procella,
1271 1582 1420 1620 protegat

941 1615 1095 1650 Nostram
1124 1626 1237 1664 ratem,
1266 1635 1305 1657 ne
1330 1629 1435 1667 pirata

941 1664 1055 1698 Secum
1085 1670 1193 1702 trahat
1220 1682 1279 1712 per
1307 1675 1410 1710 devia.

174 1741 206 1774 4.
234 1741 386 1776 Adversa
412 1745 528 1787 linquit
554 1750 665 1784 littora
883 1761 902 1793 8

909 1789 914 1794 .
945 1762 1074 1797 Summo
1102 1767 1170 1800 Deo
1198 1771 1239 1802 sit
1266 1773 1378 1813 gloria,

234 1789 336 1823 Navis
365 1793 501 1827 ducente
528 1800 654 1832 nemine

942 1812 1001 1852 Qui
1029 1823 1086 1846 nos
1114 1820 1230 1850 mereri
1256 1823 1374 1861 gaudia

939 1859 1003 1892 Det
1028 1862 1060 1893 in
1084 1868 1233 1905 supernis
1261 1871 1391 1904 sedibus

936 1908 973 1940 In
1000 1914 1198 1952 sempiterna
1226 1920 1363 1952 saecula.

233 1838 411 1882 Undasque
437 1838 566 1878 sulcans
592 1847 732 1884 fluminis

227 1888 354 1928 Agmen
382 1893 468 1932 capit
495 1903 565 1927 cum
591 1901 752 1937 praesule.

248 1984 335 2012 Brev.
361 1987 576 2026 Andegaveuse
600 1995 668 2032 imp.
690 1998 817 2027 Parisiis
844 2000 926 2030 1551.

587 2148 652 2180 376.
694 2150 737 2182 De
759 2156 870 2185 sancto
891 2156 1095 2197 Magnohodo.

717 2223 770 2250 Ad
797 2224 954 2254 Laudes.

164 2297 195 2330 1.
226 2297 333 2331 Castis
360 2300 485 2334 referre
512 2306 672 2340 mentibus
867 2316 899 2348 2.
927 2316 1026 2349 Sacro
1055 2319 1193 2354 docente
1221 2326 1336 2365 spiritu

225 2346 354 2381 Laudes
380 2350 473 2382 decet
498 2353 708 2396 Magnobocm
926 2366 1027 2398 Cavet
1054 2372 1171 2403 veneni
1198 2375 1314 2413 pocula

222 2394 321 2435 Quem
347 2398 497 2438 plurimis
524 2402 697 2438 virtutibus
923 2414 966 2446 Et
992 2421 1095 2449 morte
1127 2418 1223 2454 foeda
1250 2423 1406 2467 profugus

217 2443 306 2479 Deus
333 2447 485 2480 decorum
511 2451 667 2487 reddidit.
922 2463 1074 2498 Tabescit
1105 2473 1218 2502 auctor
1245 2473 1396 2510 criminis.

214 2501 357 2533 Dreves,
376 2506 481 2536 Hymni
499 2509 613 2534 Inediti.
648 2513 711 2538 VH.
1292 2529 1326 2558 15
