1653 2656
683 158 725 163 —
778 137 944 171 250—

412 240 444 271 3.
472 237 607 270 Parcior
632 237 746 275 victus,
773 233 901 265 cilicina
926 231 1035 271 vestis,

472 285 583 318 Lectio
609 283 736 324 psalmi,

762 281 914 314 lacrimae
939 287 1097 320 perennes

471 335 636 366 Auxerant
663 331 711 363 illi
736 330 883 362 meritum
910 330 1017 360 reatus

560 379 799 412 Adnihilantes.

411 461 442 490 4.
470 457 549 489 Tum
576 465 665 488 suum
693 455 838 487 Christus
865 453 1021 485 decorans
1046 451 1207 483 alumnum

469 505 560 536 Illius
586 504 685 544 signis
707 503 791 534 bona
816 501 1003 542 publicavit,

469 553 613 592 Namque
639 561 701 583 non
727 550 837 591 paucis
863 549 1013 590 precibus
1039 547 1175 579 salutem

565 599 707 632 Contulit
732 599 847 639 aegris,

413 681 444 711 5.
472 677 523 708 Ad
551 676 652 716 patris
677 675 797 706 iussum
823 674 928 706 laticis
953 671 1108 713 profundi

470 724 647 757 Ambulans
673 724 757 754 sicco
785 722 867 764 pede
893 721 1009 761 pressit
1037 719 1139 750 undas

470 773 514 804 Et
540 772 642 803 crucis
669 771 758 810 signo
786 779 868 802 nova
894 767 1100 809 praeparavit

562 820 697 851 Lumina
724 827 829 851 caeco,

416 899 446 930 6.
475 896 566 928 Nunc
591 896 663 934 pius
689 894 781 926 nobis
808 894 932 925 veniam
958 896 1108 932 precetur

472 944 515 975 Et
541 953 597 974 sua
623 946 765 974 nostrum
792 950 888 982 prece
914 939 1042 980 frangat
1069 940 1201 979 hostem,

474 992 552 1023 Eius
578 995 613 1022 ut
640 990 720 1021 caeli
746 990 869 1029 pariter
893 997 1044 1027 queamus

564 1038 724 1070 Scandere
750 1038 868 1068 sedem.

416 1116 446 1148 7.
474 1115 558 1146 Laus
584 1120 615 1145 et
641 1115 827 1144 immensum
855 1112 952 1143 decus
978 1115 1072 1150 atque
1097 1111 1214 1151 lumen,

474 1163 617 1194 Trinitas
644 1170 759 1198 rerum,
785 1160 845 1191 tibi
871 1160 923 1200 sit,
951 1159 1101 1199 creatrix,

475 1210 572 1242 Cuius
596 1214 643 1240 est
668 1209 804 1248 simplex
829 1208 932 1239 deitas
956 1207 1136 1247 gubernans

561 1257 694 1288 Saecula
725 1260 848 1287 cuncta.

233 1334 313 1361 m'fic.
340 1342 391 1360 ms.
415 1334 443 1359 S.
465 1333 562 1359 Mauri
591 1340 665 1358 saec.
695 1329 736 1357 12.
759 1340 802 1357 ex.
825 1330 892 1358 Cod.
916 1330 1126 1364 Petroburgeu.
1149 1330 1171 1356 F
1192 1330 1206 1356 Ι
1227 1327 1272 1356 27.
1294 1343 1330 1346 -
1354 1329 1469 1355 Daraus

156 1372 263 1399 Gillert
283 1373 314 1398 in
335 1372 471 1406 Briegers
493 1370 616 1396 Zeitsch.
638 1370 656 1396 f.
678 1368 905 1404 Kirchengesch.
929 1369 977 1400 lv,
997 1367 1052 1395 tle
1075 1378 1101 1395 u.
1123 1368 1140 1394 f.
1161 1368 1215 1401 (G).
1238 1382 1274 1385 —
1299 1366 1330 1397 1,
1356 1366 1367 1393 1
1393 1368 1470 1393 vive-

157 1418 245 1445 osque
275 1410 308 1436 G.
338 1424 372 1427 —
400 1408 435 1441 3,
463 1408 481 1435 4
509 1409 552 1435 Ad
580 1407 738 1434 nihilantes

157 1450 247 1483 patris
269 1449 362 1474 nostri
384 1448 481 1474 Mauri
504 1447 634 1473 abbatis-¹⁴
661 1447 714 1473 Hs.

760 1408 793 1434 G.
818 1421 849 1426 -
880 1406 913 1438 4,
943 1406 955 1433 l
981 1406 1052 1433 Cum
1073 1407 1108 1434 G.
1131 1422 1167 1425 —
1192 1407 1345 1441 „Hymnus
1372 1406 1466 1432 sancti

606 1586 668 1617 418.
711 1587 752 1617 Ile
774 1589 880 1617 sancto
903 1587 1017 1617 Mauro.

653 1646 704 1672 Ad
725 1647 969 1673 Nocturnum.

157 1728 187 1759 1.
215 1726 312 1760 Deus,
342 1726 491 1756 bonorum
517 1724 701 1764 praemium,

214 1773 284 1805 Lux
311 1782 385 1804 vera
410 1776 440 1803 te
466 1772 674 1812 sequentium,

214 1822 292 1854 Iuva
317 1821 457 1852 colentes
484 1829 588 1851 annua

214 1869 320 1900 Mauri
347 1869 391 1899 tui
420 1868 594 1899 sollemnia.

155 1958 174 1987 [Q

180 1981 188 1989 .
214 1956 275 1994 Qui
299 1963 387 1986 more
414 1955 522 1985 vivens
549 1954 668 1985 caelico

215 2003 279 2035 Sub
305 2002 416 2034 habitu
442 2002 617 2033 monastico

214 2051 281 2082 Tua
307 2051 449 2090 repletus
473 2051 576 2089 gratia

215 2098 328 2131 Carnis
359 2098 513 2137 repressit
540 2098 628 2129 vitia.

155 2187 185 2217 3.
213 2184 337 2216 Dehinc
364 2184 468 2215 nitens
495 2183 666 2214 virtutibus

213 2232 255 2264 Et
281 2232 424 2264 caritatis
450 2231 573 2262 actibus

219 2282 310 2312 Iussu
338 2280 481 2319 magistri
507 2279 644 2310 Galliam

216 2329 301 2359 Petit
327 2329 510 2367 relinquens
536 2328 685 2366 patrium.

228 2403 308 2430 Offic.
337 2411 389 2430 ms.
411 2400 439 2430 S.
460 2403 558 2429 Mauri
585 2411 658 2429 saec.
687 2401 729 2429 12.

151 2443 257 2470 Gillert
278 2442 296 2469 l.
317 2451 340 2468 c.
362 2440 426 2468 611.

840 1726 871 1757 4.
899 1724 948 1755 Ibi
973 1730 1098 1755 struens
1125 1724 1311 1756 coenobium

899 1772 953 1803 Fit
980 1773 1043 1803 dux
1068 1772 1126 1803 tibi
1152 1773 1358 1812 placentium„

895 1821 979 1860 Quos
1006 1829 1090 1856 voce.
1119 1821 1228 1860 signis,
1257 1830 1354 1861 opere

898 1868 984 1899 Iuste
1010 1868 1143 1899 docebat
1170 1869 1289 1901 vivere.

844 1957 874 1987 5.
903 1954 992 1985 Tunc
1019 1955 1182 1995 splenduit
1207 1956 1371 1987 miraculis

902 2002 1020 2033 Factus
1047 2003 1177 2034 lucerna
1203 2004 1350 2037 saeculis.

903 2049 995 2081 Nunc
1022 2055 1130 2081 noster
1154 2051 1187 2082 in
1213 2052 1411 2091 temporibus

906 2097 1071 2129 Protector
1097 2102 1213 2137 exstet,
1241 2109 1444 2139 quaesumus.

842 2185 873 2216 6.
901 2183 1028 2215 Summo
1055 2185 1139 2223 patri
1166 2194 1202 2216 ac
1229 2185 1307 2225 filio,

903 2232 981 2263 Cum
1009 2233 1124 2271 spiritu
1150 2234 1308 2273 paraclito

902 2279 967 2311 Uni
992 2281 1070 2321 Deo,
1099 2282 1140 2312 sit
1167 2282 1269 2322 gloria

904 2328 964 2360 Per
989 2329 1115 2360 saecula
1143 2332 1307 2370 perennia.

757 2411 801 2430 ex.
823 2402 892 2430 cod.
916 2404 1126 2440 Petrobuigen.
1152 2407 1173 2433 F
1194 2407 1209 2433 Ι
1230 2405 1276 2434 27.
1299 2423 1334 2427 -
1358 2410 1475 2437 Daraus
