1653 2656
719 156 767 161 —
818 137 884 172 108
934 155 979 161 —

197 234 233 265 5.
261 233 335 265 Rite
360 234 433 273 quia
459 233 506 265 sic
532 233 631 265 voluit
886 234 917 267 7.
944 233 1019 264 Vita
1043 232 1124 265 vivit
1148 232 1180 264 in
1206 232 1319 273 gloria,

260 280 334 312 Tibi
359 282 491 318 servire,
518 281 663 319 Domine,
943 281 980 313 In
1007 290 1069 320 qua
1094 280 1212 320 gaudet
1237 288 1308 312 cum
1333 279 1434 312 iubilo

260 328 342 360 Toto
368 330 473 369 corde,
498 333 533 360 ut
559 329 679 362 debuit.
943 328 988 359 Et
1012 332 1101 360 tenet
1125 331 1180 360 tua
1205 327 1359 368 praemia,

256 377 412 409 Summae
436 377 526 408 Deus
550 376 744 418 clementiae,
940 376 1027 417 Iesu,
1052 377 1165 408 nostra
1191 375 1379 416 redemptio.

196 472 232 504 6.
262 472 351 503 Vana
377 471 497 503 caduca
523 472 627 502 renuit
886 471 918 504 8.
945 471 999 503 Sic
1025 474 1151 503 nostros
1177 479 1304 511 gressus
1331 471 1445 512 dirige,

258 519 301 551 Et
327 522 524 550 terrenorum
551 519 700 556 omnium,
945 519 1093 556 Caterve,
1121 519 1212 550 miles
1239 519 1379 560 Domini,

258 567 371 597 Fidem
399 575 528 598 servare
553 567 664 602 voluit,
945 567 989 600 Ut
1015 567 1177 599 valeamus
1204 575 1333 599 currere

258 614 360 652 Deus,
387 617 516 646 tuorum
543 614 695 646 militum.
942 614 998 647 Ad
1022 624 1134 646 cenam
1163 615 1243 656 aqm'
1267 614 1408 654 providi.

278 708 399 735 Collect.
425 718 476 735 ωε.
501 709 654 735 Constant.
676 708 811 735 Caietani
831 718 907 736 saec.
932 708 975 738 17.
998 709 1068 737 cod.
1091 707 1283 737 Alexandrin.
1305 707 1342 736 96
1362 709 1422 743 (11).

639 869 696 899 184.
740 868 779 898 De
802 870 909 899 sancto
931 868 1072 900 Catervo.

700 937 751 964 Ad
778 939 1014 965 Nocturnum.

200 1024 234 1056 1.
261 1023 379 1063 Magno
405 1023 532 1055 Catervi
557 1025 672 1063 gaudio
888 1027 919 1058 3.
948 1026 1095 1058 Loricam
1123 1035 1192 1058 eum
1220 1026 1374 1059 Dominus

261 1071 450 1102 Recolamus
474 1072 649 1105 sollemnia,
946 1073 1040 1104 Fidei
1065 1082 1160 1105 verae
1186 1074 1291 1106 induit

260 1118 310 1149 De
337 1119 424 1149 cuius
450 1120 628 1158 patrocinio
945 1121 989 1152 Et
1015 1121 1116 1152 vivam
1145 1131 1234 1161 spem
1261 1122 1436 1154 altissimus

260 1165 432 1205 speramus
458 1167 537 1197 caeli
563 1167 688 1206 gaudia.
947 1169 1080 1199 Virtutis
1108 1169 1136 1200 ei
1163 1170 1307 1201 contulit.

196 1261 231 1292 2.
260 1260 322 1291 Hic
348 1265 396 1291 est
421 1261 510 1292 miles
537 1262 692 1303 egregius,
885 1264 916 1295 4.
944 1263 1021 1294 Fert
1049 1264 1185 1303 clipeum
1212 1265 1243 1296 in
1271 1264 1402 1297 brachio

262 1308 321 1347 Qui
347 1308 496 1340 virtutum
524 1309 661 1348 insignia
944 1311 1096 1344 Caritatis
1123 1312 1310 1351 dominicae,

262 1356 372 1387 Porrat
400 1357 447 1387 vir
472 1357 722 1395 potentissimus,
946 1359 1012 1396 Quo
1039 1360 1190 1399 pugnavit
1216 1361 1247 1391 in
1272 1361 1396 1400 proelio

258 1403 393 1435 Indutus
421 1404 540 1435 Christi
567 1405 666 1444 galea.
947 1407 1102 1438 Vitiorum
1130 1407 1273 1441 mirifice.

578 1504 608 1533 5.
637 1501 689 1533 Sic
712 1511 768 1533 nos
794 1502 948 1534 adversus
976 1503 1062 1544 vitia,

636 1549 770 1581 Caterve
796 1553 897 1592 pater,
925 1550 1056 1592 instrue,

636 1596 677 1628 Ut
705 1606 882 1629 mereamur
907 1598 1008 1638 gloria

638 1645 714 1676 Frui
742 1646 888 1676 caelestis
915 1647 1048 1685 patriae.

216 1775 222 1780 ᾗ
275 1736 396 1800 (ἷοξέεοῐ.
419 1746 468 1764 ms.
491 1738 641 1765 Constant.
665 1739 798 1765 Caietani
821 1748 896 1766 saec.
922 1738 963 1766 17.
986 1741 1055 1767 Cod.
1072 1741 1260 1768 Alexandr-in.
1277 1741 1388 1775 96z11).
1405 1758 1440 1761 -
1455 1741 1482 1776 3,
1498 1743 1517 1771 4

193 1783 223 1801 er
248 1783 281 1800 co
297 1783 324 1800 u1
342 1796 347 1801 .

639 1889 697 1920 185.
738 1889 779 1920 De
801 1891 906 1920 sancto
928 1890 1068 1922 Catervo.

741 1959 790 1986 Ad
818 1959 973 1987 Laudes.

197 2047 231 2078 1.
260 2045 297 2076 In
326 2045 535 2085 triumphanti
562 2045 663 2085 gloria
889 2048 919 2080 3.
946 2047 995 2078 De
1022 2052 1110 2080 tanto
1136 2049 1206 2080 viro
1232 2049 1332 2082 nobili

258 2093 337 2124 Cum
368 2093 488 2124 honore
513 2093 646 2124 militiae
946 2095 1099 2127 Videntes
1125 2097 1284 2130 mirabilia

257 2140 414 2172 Catervus
440 2141 472 2172 in
500 2141 631 2172 victoria
945 2143 1106 2175 Mirantur
1132 2145 1216 2176 cives
1243 2147 1364 2190 caelici,

257 2188 319 2220 Hic
347 2189 516 2220 decoratur
541 2189 646 2222 hodie.
946 2191 1070 2223 Canunt
1094 2193 1161 2224 eius
1186 2195 1355 2235 magnalia.

192 2286 225 2318 2.
253 2285 355 2324 Quem
382 2288 591 2325 susceperunt
615 2284 720 2324 angeli
884 2287 917 2318 4.
944 2287 988 2318 Et
1013 2287 1039 2318 si
1065 2287 1098 2319 in
1124 2289 1204 2320 caeli
1229 2291 1335 2329 patria

254 2333 416 2372 Hymnum
444 2343 558 2365 novum
585 2333 740 2365 altissimo
944 2334 1082 2367 Dotatur
1108 2337 1205 2368 tantis
1231 2339 1367 2378 gaudiis,

255 2381 435 2414 Cantantes
461 2385 492 2412 et
518 2381 701 2420 archangeli
946 2382 1010 2415 Cur
1035 2383 1136 2423 ipsius
1159 2386 1314 2418 miracula

255 2429 336 2461 Cum
362 2433 544 2461 sanctorum
571 2430 714 2469 collegio,
945 2431 1016 2463 Non
1043 2433 1184 2465 canimus
1207 2434 1239 2465 in
1267 2435 1419 2475 populis?
