<?xml version="1.0" encoding="UTF-8"?>
<!DOCTYPE html PUBLIC "-//W3C//DTD XHTML 1.0 Transitional//EN"
    "http://www.w3.org/TR/xhtml1/DTD/xhtml1-transitional.dtd">
<html xmlns="http://www.w3.org/1999/xhtml" xml:lang="en" lang="en">
 <head>
  <title>
</title>
<meta http-equiv="Content-Type" content="text/html;charset=utf-8" />
  <meta name='ocr-system' content='tesseract 3.04.00' />
  <meta name='ocr-capabilities' content='ocr_page ocr_carea ocr_par ocr_line ocrx_word'/>
</head>
<body>
  <div class='ocr_page' id='page_1' title='image "./analectahymnica43drevuoft/analectahymnica43drevuoft_0261.png"; bbox 0 0 1653 2656; ppageno 0'>
   <div class='ocr_carea' id='block_1_1' title="bbox 703 125 964 161">
    <p class='ocr_par' dir='ltr' id='par_1_1' title="bbox 703 125 964 161">
     <span class='ocr_line' id='line_1_1' title="bbox 703 125 964 161; baseline -0.004 0"><span class='ocrx_word' id='word_1_1' title='bbox 703 125 868 161; x_wconf 86' lang='lat'>-258</span> <span class='ocrx_word' id='word_1_2' title='bbox 921 143 964 149; x_wconf 94' lang='lat'>—</span> 
     </span>
    </p>
   </div>
   <div class='ocr_carea' id='block_1_2' title="bbox 469 217 1212 410">
    <p class='ocr_par' dir='ltr' id='par_1_2' title="bbox 469 217 1212 364">
     <span class='ocr_line' id='line_1_2' title="bbox 469 217 1185 267; baseline -0.017 -6"><span class='ocrx_word' id='word_1_3' title='bbox 469 231 499 262; x_wconf 88' lang='lat'>2.</span> <span class='ocrx_word' id='word_1_4' title='bbox 527 228 577 260; x_wconf 87' lang='lat' dir='ltr'>Ex</span> <span class='ocrx_word' id='word_1_5' title='bbox 603 226 728 267; x_wconf 79' lang='lat' dir='ltr'>quibus,</span> <span class='ocrx_word' id='word_1_6' title='bbox 755 224 838 256; x_wconf 84' lang='lat' dir='ltr'>alme</span> <span class='ocrx_word' id='word_1_7' title='bbox 862 221 991 263; x_wconf 85' lang='lat' dir='ltr'>praesul</span> <span class='ocrx_word' id='word_1_8' title='bbox 1017 229 1036 252; x_wconf 92' lang='grc' dir='ltr'>ο</span> <span class='ocrx_word' id='word_1_9' title='bbox 1062 217 1185 258; x_wconf 72' lang='lat' dir='ltr'>Nicaei,</span> 
     </span>
     <span class='ocr_line' id='line_1_3' title="bbox 525 265 1212 316; baseline -0.016 -8"><span class='ocrx_word' id='word_1_10' title='bbox 525 276 630 316; x_wconf 85' lang='lat' dir='ltr'>Signis</span> <span class='ocrx_word' id='word_1_11' title='bbox 656 272 865 313; x_wconf 83' lang='lat' dir='ltr'>resplendens</span> <span class='ocrx_word' id='word_1_12' title='bbox 889 273 984 310; x_wconf 77' lang='lat' dir='ltr'>atque</span> <span class='ocrx_word' id='word_1_13' title='bbox 1011 265 1212 300; x_wconf 80' lang='lat' dir='ltr'>documentis</span> 
     </span>
     <span class='ocr_line' id='line_1_4' title="bbox 524 315 1128 364; baseline -0.017 -8"><span class='ocrx_word' id='word_1_14' title='bbox 524 323 682 364; x_wconf 83' lang='lat' dir='ltr'>Sanguine</span> <span class='ocrx_word' id='word_1_15' title='bbox 708 321 778 353; x_wconf 76' lang='lat' dir='ltr'>fuso</span> <span class='ocrx_word' id='word_1_16' title='bbox 804 319 906 350; x_wconf 86' lang='lat' dir='ltr'>victor</span> <span class='ocrx_word' id='word_1_17' title='bbox 931 321 1018 349; x_wconf 86' lang='lat' dir='ltr'>astra</span> <span class='ocrx_word' id='word_1_18' title='bbox 1043 315 1128 355; x_wconf 91' lang='lat' dir='ltr'>petis</span> 
     </span>
    </p>

    <p class='ocr_par' dir='ltr' id='par_1_3' title="bbox 669 366 943 410">
     <span class='ocr_line' id='line_1_5' title="bbox 669 366 943 410; baseline -0.018 -8"><span class='ocrx_word' id='word_1_19' title='bbox 669 370 796 410; x_wconf 80' lang='lat' dir='ltr'>Martyr</span> <span class='ocrx_word' id='word_1_20' title='bbox 822 366 943 398; x_wconf 89' lang='lat' dir='ltr'>herilis.</span> 
     </span>
    </p>
   </div>
   <div class='ocr_carea' id='block_1_3' title="bbox 471 469 1198 650">
    <p class='ocr_par' dir='ltr' id='par_1_4' title="bbox 471 469 1198 650">
     <span class='ocr_line' id='line_1_6' title="bbox 471 469 1070 511; baseline -0.015 -1"><span class='ocrx_word' id='word_1_21' title='bbox 471 479 500 511; x_wconf 87' lang='lat'>3.</span> <span class='ocrx_word' id='word_1_22' title='bbox 530 476 642 509; x_wconf 85' lang='lat' dir='ltr'>Hostis</span> <span class='ocrx_word' id='word_1_23' title='bbox 669 474 778 506; x_wconf 78' lang='lat' dir='ltr'>acerbi</span> <span class='ocrx_word' id='word_1_24' title='bbox 804 472 891 504; x_wconf 89' lang='lat' dir='ltr'>ferro</span> <span class='ocrx_word' id='word_1_25' title='bbox 917 469 1070 503; x_wconf 87' lang='lat' dir='ltr'>trucidati</span> 
     </span>
     <span class='ocr_line' id='line_1_7' title="bbox 529 517 1106 559; baseline -0.014 -3"><span class='ocrx_word' id='word_1_26' title='bbox 529 525 608 556; x_wconf 89' lang='lat' dir='ltr'>Tres</span> <span class='ocrx_word' id='word_1_27' title='bbox 633 533 695 555; x_wconf 87' lang='lat' dir='ltr'>una</span> <span class='ocrx_word' id='word_1_28' title='bbox 723 522 786 553; x_wconf 86' lang='lat' dir='ltr'>fide</span> <span class='ocrx_word' id='word_1_29' title='bbox 811 524 968 559; x_wconf 74' lang='lat' dir='ltr'>martyres</span> <span class='ocrx_word' id='word_1_30' title='bbox 994 517 1106 550; x_wconf 87' lang='lat' dir='ltr'>invicti</span> 
     </span>
     <span class='ocr_line' id='line_1_8' title="bbox 528 564 1198 613; baseline -0.013 -9"><span class='ocrx_word' id='word_1_31' title='bbox 528 572 642 613; x_wconf 85' lang='lat' dir='ltr'>Capita</span> <span class='ocrx_word' id='word_1_32' title='bbox 668 574 794 601; x_wconf 78' lang='lat' dir='ltr'>vectant</span> <span class='ocrx_word' id='word_1_33' title='bbox 819 569 905 600; x_wconf 88' lang='lat' dir='ltr'>ultra</span> <span class='ocrx_word' id='word_1_34' title='bbox 933 567 1049 599; x_wconf 85' lang='lat' dir='ltr'>vadum</span> <span class='ocrx_word' id='word_1_35' title='bbox 1076 564 1198 603; x_wconf 82' lang='lat' dir='ltr'>amnis;</span> 
     </span>
     <span class='ocr_line' id='line_1_9' title="bbox 672 614 934 650; baseline -0.011 0"><span class='ocrx_word' id='word_1_36' title='bbox 672 619 756 650; x_wconf 86' lang='lat' dir='ltr'>Laus</span> <span class='ocrx_word' id='word_1_37' title='bbox 783 614 934 648; x_wconf 86' lang='lat' dir='ltr'>trinitati!</span> 
     </span>
    </p>
   </div>
   <div class='ocr_carea' id='block_1_4' title="bbox 470 718 1207 899">
    <p class='ocr_par' dir='ltr' id='par_1_5' title="bbox 470 718 1207 899">
     <span class='ocr_line' id='line_1_10' title="bbox 470 718 1207 764; baseline -0.014 -6"><span class='ocrx_word' id='word_1_38' title='bbox 470 728 502 759; x_wconf 87' lang='lat'>4.</span> <span class='ocrx_word' id='word_1_39' title='bbox 529 726 627 763; x_wconf 77' lang='lat' dir='ltr'>Quam</span> <span class='ocrx_word' id='word_1_40' title='bbox 655 724 810 764; x_wconf 85' lang='lat' dir='ltr'>gloriosus</span> <span class='ocrx_word' id='word_1_41' title='bbox 836 722 991 754; x_wconf 87' lang='lat' dir='ltr'>Dominus</span> <span class='ocrx_word' id='word_1_42' title='bbox 1017 721 1049 751; x_wconf 92' lang='lat' dir='ltr'>in</span> <span class='ocrx_word' id='word_1_43' title='bbox 1075 718 1207 753; x_wconf 81' lang='lat' dir='ltr'>sanctis,</span> 
     </span>
     <span class='ocr_line' id='line_1_11' title="bbox 529 768 1091 811; baseline -0.011 -7"><span class='ocrx_word' id='word_1_44' title='bbox 529 774 613 811; x_wconf 84' lang='lat' dir='ltr'>Quos</span> <span class='ocrx_word' id='word_1_45' title='bbox 639 773 683 803; x_wconf 86' lang='lat' dir='ltr'>ita</span> <span class='ocrx_word' id='word_1_46' title='bbox 711 771 788 803; x_wconf 83' lang='lat' dir='ltr'>facit</span> <span class='ocrx_word' id='word_1_47' title='bbox 814 770 946 801; x_wconf 88' lang='lat' dir='ltr'>rutilare</span> <span class='ocrx_word' id='word_1_48' title='bbox 972 768 1091 809; x_wconf 85' lang='lat' dir='ltr'>signis!</span> 
     </span>
     <span class='ocr_line' id='line_1_12' title="bbox 531 815 1152 860; baseline -0.011 -8"><span class='ocrx_word' id='word_1_49' title='bbox 531 821 607 853; x_wconf 89' lang='lat' dir='ltr'>Oret</span> <span class='ocrx_word' id='word_1_50' title='bbox 632 829 691 860; x_wconf 88' lang='lat' dir='ltr'>pro</span> <span class='ocrx_word' id='word_1_51' title='bbox 717 818 807 850; x_wconf 89' lang='lat' dir='ltr'>nobis</span> <span class='ocrx_word' id='word_1_52' title='bbox 833 818 912 849; x_wconf 91' lang='lat' dir='ltr'>ordo</span> <span class='ocrx_word' id='word_1_53' title='bbox 938 815 1152 855; x_wconf 88' lang='lat' dir='ltr'>triumphalis,</span> 
     </span>
     <span class='ocr_line' id='line_1_13' title="bbox 674 866 975 899; baseline -0.007 -1"><span class='ocrx_word' id='word_1_54' title='bbox 674 867 786 899; x_wconf 80' lang='lat' dir='ltr'>Clarus</span> <span class='ocrx_word' id='word_1_55' title='bbox 812 867 843 897; x_wconf 89' lang='lat' dir='ltr'>in</span> <span class='ocrx_word' id='word_1_56' title='bbox 869 866 975 897; x_wconf 81' lang='lat' dir='ltr'>astris.</span> 
     </span>
    </p>
   </div>
   <div class='ocr_carea' id='block_1_5' title="bbox 473 968 1178 1154">
    <p class='ocr_par' dir='ltr' id='par_1_6' title="bbox 473 968 1178 1106">
     <span class='ocr_line' id='line_1_14' title="bbox 473 968 1107 1012; baseline -0.013 -5"><span class='ocrx_word' id='word_1_57' title='bbox 473 978 504 1007; x_wconf 83' lang='grc'>5.</span> <span class='ocrx_word' id='word_1_58' title='bbox 533 974 643 1006; x_wconf 82' lang='lat' dir='ltr'>Gloria</span> <span class='ocrx_word' id='word_1_59' title='bbox 669 973 764 1012; x_wconf 69' lang='lat' dir='ltr'>patri⁷</span> <span class='ocrx_word' id='word_1_60' title='bbox 792 980 912 1002; x_wconf 87' lang='lat' dir='ltr'>summo</span> <span class='ocrx_word' id='word_1_61' title='bbox 939 968 1107 1006; x_wconf 85' lang='lat' dir='ltr'>conditori,</span> 
     </span>
     <span class='ocr_line' id='line_1_15' title="bbox 534 1016 1178 1059; baseline -0.012 -6"><span class='ocrx_word' id='word_1_62' title='bbox 534 1022 644 1054; x_wconf 84' lang='lat' dir='ltr'>Gloria</span> <span class='ocrx_word' id='word_1_63' title='bbox 671 1020 809 1059; x_wconf 79' lang='lat' dir='ltr'>Christo,</span> <span class='ocrx_word' id='word_1_64' title='bbox 836 1023 944 1050; x_wconf 86' lang='lat' dir='ltr'>nostro</span> <span class='ocrx_word' id='word_1_65' title='bbox 971 1016 1178 1055; x_wconf 87' lang='lat' dir='ltr'>redemptori,</span> 
     </span>
     <span class='ocr_line' id='line_1_16' title="bbox 535 1065 1100 1106; baseline -0.009 -6"><span class='ocrx_word' id='word_1_66' title='bbox 535 1069 645 1101; x_wconf 81' lang='lat' dir='ltr'>Gloria</span> <span class='ocrx_word' id='word_1_67' title='bbox 671 1067 740 1106; x_wconf 86' lang='lat' dir='ltr'>tibi,</span> <span class='ocrx_word' id='word_1_68' title='bbox 766 1067 898 1106; x_wconf 88' lang='lat' dir='ltr'>spiritus</span> <span class='ocrx_word' id='word_1_69' title='bbox 924 1065 1100 1103; x_wconf 72' lang='lat' dir='ltr'>amborum,</span> 
     </span>
    </p>

    <p class='ocr_par' dir='ltr' id='par_1_7' title="bbox 674 1115 1010 1154">
     <span class='ocr_line' id='line_1_17' title="bbox 674 1115 1010 1154; baseline 0 -8"><span class='ocrx_word' id='word_1_70' title='bbox 674 1115 806 1154; x_wconf 86' lang='lat' dir='ltr'>Semper</span> <span class='ocrx_word' id='word_1_71' title='bbox 830 1115 862 1145; x_wconf 88' lang='lat' dir='ltr'>in</span> <span class='ocrx_word' id='word_1_72' title='bbox 887 1122 1010 1146; x_wconf 86' lang='lat' dir='ltr'>aevum.</span> 
     </span>
    </p>
   </div>
   <div class='ocr_carea' id='block_1_6' title="bbox 265 1210 1507 1253">
    <p class='ocr_par' dir='ltr' id='par_1_8' title="bbox 265 1210 1507 1253">
     <span class='ocr_line' id='line_1_18' title="bbox 265 1210 1507 1253; baseline -0.01 -4"><span class='ocrx_word' id='word_1_73' title='bbox 265 1223 348 1250; x_wconf 76' lang='lat' dir='ltr'>Pass.</span> <span class='ocrx_word' id='word_1_74' title='bbox 366 1231 416 1248; x_wconf 74' lang='lat' dir='ltr'>ins.</span> <span class='ocrx_word' id='word_1_75' title='bbox 429 1221 456 1248; x_wconf 94' lang='lat' dir='ltr'>S.</span> <span class='ocrx_word' id='word_1_76' title='bbox 470 1221 600 1247; x_wconf 66' lang='lat' dir='ltr'>Audoeni</span> <span class='ocrx_word' id='word_1_77' title='bbox 616 1221 804 1253; x_wconf 68' lang='lat' dir='ltr'>Hotomageu.</span> <span class='ocrx_word' id='word_1_78' title='bbox 820 1227 895 1244; x_wconf 70' lang='lat' dir='ltr'>saec.</span> <span class='ocrx_word' id='word_1_79' title='bbox 913 1215 956 1244; x_wconf 82' lang='grc'>12.</span> <span class='ocrx_word' id='word_1_80' title='bbox 972 1218 1009 1243; x_wconf 84' lang='lat' dir='ltr'>in.</span> <span class='ocrx_word' id='word_1_81' title='bbox 1025 1216 1092 1242; x_wconf 68' lang='lat' dir='ltr'>cod.</span> <span class='ocrx_word' id='word_1_82' title='bbox 1107 1216 1298 1247; x_wconf 72' lang='lat' dir='ltr'>Rotomagen.</span> <span class='ocrx_word' id='word_1_83' title='bbox 1316 1210 1389 1238; x_wconf 69' lang='lat'>1406</span> <span class='ocrx_word' id='word_1_84' title='bbox 1401 1213 1434 1238; x_wconf 59' lang='grc' dir='ltr'>οἵ</span> <span class='ocrx_word' id='word_1_85' title='bbox 1450 1211 1507 1240; x_wconf 72' lang='lat'><strong>41).</strong></span> 
     </span>
    </p>
   </div>
   <div class='ocr_carea' id='block_1_7' title="bbox 627 1367 1060 1399">
    <p class='ocr_par' dir='ltr' id='par_1_9' title="bbox 627 1367 1060 1399">
     <span class='ocr_line' id='line_1_19' title="bbox 627 1367 1060 1399; baseline -0.007 0"><span class='ocrx_word' id='word_1_86' title='bbox 627 1369 694 1399; x_wconf 74' lang='lat'><strong>433.</strong></span> <span class='ocrx_word' id='word_1_87' title='bbox 738 1370 777 1399; x_wconf 77' lang='lat' dir='ltr'>De</span> <span class='ocrx_word' id='word_1_88' title='bbox 799 1369 906 1399; x_wconf 80' lang='lat' dir='ltr'>sancto</span> <span class='ocrx_word' id='word_1_89' title='bbox 927 1367 1060 1397; x_wconf 68' lang='lat' dir='ltr'>Nicolao.</span> 
     </span>
    </p>
   </div>
   <div class='ocr_carea' id='block_1_8' title="bbox 698 1438 1014 1464">
    <p class='ocr_par' dir='ltr' id='par_1_10' title="bbox 698 1438 1014 1464">
     <span class='ocr_line' id='line_1_20' title="bbox 698 1438 1014 1464; baseline -0.009 0"><span class='ocrx_word' id='word_1_90' title='bbox 698 1438 748 1464; x_wconf 74' lang='lat' dir='ltr'>Ad</span> <span class='ocrx_word' id='word_1_91' title='bbox 775 1438 1014 1464; x_wconf 82' lang='lat' dir='ltr'>Nocturnum.</span> 
     </span>
    </p>
   </div>
   <div class='ocr_carea' id='block_1_9' title="bbox 486 1533 1113 1710">
    <p class='ocr_par' dir='ltr' id='par_1_11' title="bbox 486 1533 1113 1710">
     <span class='ocr_line' id='line_1_21' title="bbox 486 1533 1104 1574; baseline -0.008 -6"><span class='ocrx_word' id='word_1_92' title='bbox 486 1538 515 1569; x_wconf 90' lang='lat'>1.</span> <span class='ocrx_word' id='word_1_93' title='bbox 543 1536 664 1574; x_wconf 80' lang='lat' dir='ltr'>Gaude,</span> <span class='ocrx_word' id='word_1_94' title='bbox 692 1535 776 1574; x_wconf 59' lang='lat' dir='ltr'>regis</span> <span class='ocrx_word' id='word_1_95' title='bbox 802 1543 918 1574; x_wconf 86' lang='lat' dir='ltr'>sponsa</span> <span class='ocrx_word' id='word_1_96' title='bbox 944 1533 1104 1572; x_wconf 79' lang='lat' dir='ltr'>perennis,</span> 
     </span>
     <span class='ocr_line' id='line_1_22' title="bbox 543 1581 1113 1622; baseline -0.007 -7"><span class='ocrx_word' id='word_1_97' title='bbox 543 1583 653 1615; x_wconf 79' lang='lat' dir='ltr'>Gaude</span> <span class='ocrx_word' id='word_1_98' title='bbox 679 1591 827 1622; x_wconf 80' lang='lat' dir='ltr'>promens</span> <span class='ocrx_word' id='word_1_99' title='bbox 850 1582 973 1612; x_wconf 82' lang='lat' dir='ltr'>cantica</span> <span class='ocrx_word' id='word_1_100' title='bbox 997 1581 1113 1618; x_wconf 69' lang='lat' dir='ltr'>laudis,</span> 
     </span>
     <span class='ocr_line' id='line_1_23' title="bbox 543 1628 1042 1669; baseline -0.006 -7"><span class='ocrx_word' id='word_1_101' title='bbox 543 1633 659 1663; x_wconf 78' lang='lat' dir='ltr'>Cursus</span> <span class='ocrx_word' id='word_1_102' title='bbox 684 1631 759 1661; x_wconf 85' lang='lat' dir='ltr'>solis</span> <span class='ocrx_word' id='word_1_103' title='bbox 786 1629 942 1669; x_wconf 84' lang='lat' dir='ltr'>praesulis</span> <span class='ocrx_word' id='word_1_104' title='bbox 967 1628 1042 1660; x_wconf 89' lang='lat' dir='ltr'>almi</span> 
     </span>
     <span class='ocr_line' id='line_1_24' title="bbox 544 1677 1066 1710; baseline 0 -1"><span class='ocrx_word' id='word_1_105' title='bbox 544 1678 673 1709; x_wconf 80' lang='lat' dir='ltr'>Festum</span> <span class='ocrx_word' id='word_1_106' title='bbox 701 1678 817 1709; x_wconf 90' lang='lat' dir='ltr'>mundo</span> <span class='ocrx_word' id='word_1_107' title='bbox 844 1677 904 1708; x_wconf 83' lang='lat' dir='ltr'>fert</span> <span class='ocrx_word' id='word_1_108' title='bbox 930 1677 1066 1710; x_wconf 78' lang='lat' dir='ltr'>Nicolai.</span> 
     </span>
    </p>
   </div>
   <div class='ocr_carea' id='block_1_10' title="bbox 489 1783 1185 1966">
    <p class='ocr_par' dir='ltr' id='par_1_12' title="bbox 489 1783 1185 1966">
     <span class='ocr_line' id='line_1_25' title="bbox 489 1783 1185 1823; baseline -0.007 -6"><span class='ocrx_word' id='word_1_109' title='bbox 489 1786 520 1817; x_wconf 87' lang='grc'>2.</span> <span class='ocrx_word' id='word_1_110' title='bbox 548 1785 606 1823; x_wconf 84' lang='lat' dir='ltr'>Qui</span> <span class='ocrx_word' id='word_1_111' title='bbox 632 1783 831 1822; x_wconf 87' lang='lat' dir='ltr'>praeclarum</span> <span class='ocrx_word' id='word_1_112' title='bbox 859 1787 990 1813; x_wconf 83' lang='lat' dir='ltr'>stemma</span> <span class='ocrx_word' id='word_1_113' title='bbox 1017 1787 1185 1820; x_wconf 82' lang='lat' dir='ltr'>parentum</span> 
     </span>
     <span class='ocr_line' id='line_1_26' title="bbox 548 1830 995 1871; baseline -0.009 -7"><span class='ocrx_word' id='word_1_114' title='bbox 548 1833 647 1864; x_wconf 83' lang='lat' dir='ltr'>Ornat</span> <span class='ocrx_word' id='word_1_115' title='bbox 673 1831 766 1862; x_wconf 78' lang='lat' dir='ltr'>factis</span> <span class='ocrx_word' id='word_1_116' title='bbox 792 1839 829 1861; x_wconf 78' lang='lat' dir='ltr'>ex</span> <span class='ocrx_word' id='word_1_117' title='bbox 856 1830 995 1871; x_wconf 82' lang='lat' dir='ltr'>pietatis,</span> 
     </span>
     <span class='ocr_line' id='line_1_27' title="bbox 545 1878 1126 1917; baseline -0.007 -6"><span class='ocrx_word' id='word_1_118' title='bbox 545 1881 667 1912; x_wconf 85' lang='lat' dir='ltr'>Aurum</span> <span class='ocrx_word' id='word_1_119' title='bbox 694 1883 783 1910; x_wconf 81' lang='lat' dir='ltr'>natas</span> <span class='ocrx_word' id='word_1_120' title='bbox 810 1878 914 1909; x_wconf 81' lang='lat' dir='ltr'>dando</span> <span class='ocrx_word' id='word_1_121' title='bbox 940 1882 1126 1917; x_wconf 80' lang='lat' dir='ltr'>patremque</span> 
     </span>
     <span class='ocr_line' id='line_1_28' title="bbox 549 1926 1038 1966; baseline -0.006 -7"><span class='ocrx_word' id='word_1_122' title='bbox 549 1928 651 1960; x_wconf 75' lang='lat' dir='ltr'>Solvit</span> <span class='ocrx_word' id='word_1_123' title='bbox 677 1931 788 1966; x_wconf 87' lang='lat' dir='ltr'>stupro</span> <span class='ocrx_word' id='word_1_124' title='bbox 813 1926 1038 1966; x_wconf 88' lang='lat' dir='ltr'>pauperieque.</span> 
     </span>
    </p>
   </div>
   <div class='ocr_carea' id='block_1_11' title="bbox 491 2030 1079 2215">
    <p class='ocr_par' dir='ltr' id='par_1_13' title="bbox 491 2030 1079 2215">
     <span class='ocr_line' id='line_1_29' title="bbox 491 2030 1024 2073; baseline -0.011 -7"><span class='ocrx_word' id='word_1_125' title='bbox 491 2035 522 2066; x_wconf 85' lang='lat'>3.</span> <span class='ocrx_word' id='word_1_126' title='bbox 550 2033 644 2065; x_wconf 88' lang='lat' dir='ltr'>Caelo</span> <span class='ocrx_word' id='word_1_127' title='bbox 670 2033 761 2073; x_wconf 87' lang='lat' dir='ltr'>lapsa</span> <span class='ocrx_word' id='word_1_128' title='bbox 783 2040 860 2063; x_wconf 84' lang='lat' dir='ltr'>voce</span> <span class='ocrx_word' id='word_1_129' title='bbox 886 2030 1024 2062; x_wconf 88' lang='lat' dir='ltr'>tonantis</span> 
     </span>
     <span class='ocr_line' id='line_1_30' title="bbox 550 2078 1064 2119; baseline -0.008 -7"><span class='ocrx_word' id='word_1_130' title='bbox 550 2081 669 2113; x_wconf 82' lang='lat' dir='ltr'>Christi</span> <span class='ocrx_word' id='word_1_131' title='bbox 695 2081 789 2111; x_wconf 84' lang='lat' dir='ltr'>cessit</span> <span class='ocrx_word' id='word_1_132' title='bbox 816 2083 925 2119; x_wconf 83' lang='lat' dir='ltr'>pastor</span> <span class='ocrx_word' id='word_1_133' title='bbox 949 2078 1064 2117; x_wconf 73' lang='lat' dir='ltr'>ovilis3</span> 
     </span>
     <span class='ocr_line' id='line_1_31' title="bbox 552 2126 1064 2165; baseline -0.01 -4"><span class='ocrx_word' id='word_1_134' title='bbox 552 2130 652 2161; x_wconf 89' lang='lat' dir='ltr'>Orant</span> <span class='ocrx_word' id='word_1_135' title='bbox 678 2133 794 2159; x_wconf 86' lang='lat' dir='ltr'>nautae</span> <span class='ocrx_word' id='word_1_136' title='bbox 819 2126 966 2158; x_wconf 87' lang='lat' dir='ltr'>fluctibus</span> <span class='ocrx_word' id='word_1_137' title='bbox 991 2127 1064 2165; x_wconf 79' lang='lat' dir='ltr'>acti,</span> 
     </span>
     <span class='ocr_line' id='line_1_32' title="bbox 551 2175 1079 2215; baseline -0.002 -6"><span class='ocrx_word' id='word_1_138' title='bbox 551 2177 628 2209; x_wconf 81' lang='lat' dir='ltr'>Mox</span> <span class='ocrx_word' id='word_1_139' title='bbox 653 2177 806 2207; x_wconf 81' lang='lat' dir='ltr'>sedantur</span> <span class='ocrx_word' id='word_1_140' title='bbox 832 2175 955 2215; x_wconf 84' lang='lat' dir='ltr'>proelia</span> <span class='ocrx_word' id='word_1_141' title='bbox 979 2175 1079 2214; x_wconf 87' lang='lat' dir='ltr'>ponti.</span> 
     </span>
    </p>
   </div>
   <div class='ocr_carea' id='block_1_12' title="bbox 495 2282 1078 2459">
    <p class='ocr_par' dir='ltr' id='par_1_14' title="bbox 495 2282 1078 2459">
     <span class='ocr_line' id='line_1_33' title="bbox 495 2282 1071 2322; baseline -0.005 -7"><span class='ocrx_word' id='word_1_142' title='bbox 495 2286 527 2315; x_wconf 84' lang='lat'>4.</span> <span class='ocrx_word' id='word_1_143' title='bbox 555 2283 690 2322; x_wconf 87' lang='lat' dir='ltr'>Vulgum</span> <span class='ocrx_word' id='word_1_144' title='bbox 716 2291 850 2322; x_wconf 88' lang='lat' dir='ltr'>pascens</span> <span class='ocrx_word' id='word_1_145' title='bbox 877 2282 1071 2313; x_wconf 89' lang='lat' dir='ltr'>esurientum</span> 
     </span>
     <span class='ocr_line' id='line_1_34' title="bbox 554 2330 1033 2371; baseline -0.004 -8"><span class='ocrx_word' id='word_1_146' title='bbox 554 2330 717 2363; x_wconf 88' lang='lat' dir='ltr'>Mensuris</span> <span class='ocrx_word' id='word_1_147' title='bbox 743 2330 894 2362; x_wconf 83' lang='lat' dir='ltr'>divinitus</span> <span class='ocrx_word' id='word_1_148' title='bbox 920 2330 1033 2371; x_wconf 86' lang='lat' dir='ltr'>auctis,</span> 
     </span>
     <span class='ocr_line' id='line_1_35' title="bbox 555 2377 1078 2420; baseline 0 -10"><span class='ocrx_word' id='word_1_149' title='bbox 555 2380 673 2418; x_wconf 83' lang='lat' dir='ltr'>Purgat</span> <span class='ocrx_word' id='word_1_150' title='bbox 700 2377 806 2410; x_wconf 86' lang='lat' dir='ltr'>fucum</span> <span class='ocrx_word' id='word_1_151' title='bbox 832 2378 1078 2420; x_wconf 89' lang='lat' dir='ltr'>daemoniorum,</span> 
     </span>
     <span class='ocr_line' id='line_1_36' title="bbox 557 2426 1042 2459; baseline 0 0"><span class='ocrx_word' id='word_1_152' title='bbox 557 2429 669 2459; x_wconf 67' lang='lat' dir='ltr'>Servat</span> <span class='ocrx_word' id='word_1_153' title='bbox 695 2428 779 2458; x_wconf 73' lang='lat' dir='ltr'>vitae</span> <span class='ocrx_word' id='word_1_154' title='bbox 804 2427 866 2458; x_wconf 92' lang='lat' dir='ltr'>iam</span> <span class='ocrx_word' id='word_1_155' title='bbox 894 2426 1042 2459; x_wconf 85' lang='lat' dir='ltr'>ruituros.</span> 
     </span>
    </p>
   </div>
  </div>
 </body>
</html>
