1653 2656
638 121 687 158 7-
736 101 780 138 77
834 122 879 128 --

483 203 516 234 5.
542 199 660 240 Maria,
687 203 792 232 mater
817 199 941 240 gratiae
968 203 1029 234 etc.

83 339 107 366 c
127 338 149 366 n
162 300 230 328 Ant.
252 304 281 328 et
301 300 402 336 hymn.
424 308 478 327 ms.
501 299 646 327 Scan-ense
668 308 745 326 saec.
767 296 826 335 [14.
842 297 883 335 et}
899 298 943 326 15.
959 299 1029 348 Cod.
1046 300 1187 346 Upsalen.
1205 302 1227 327 C
1242 299 1308 327 422.
1325 301 1358 326 A.
1381 314 1416 319 —

83 342 210 414 03122222
230 348 300 414 -ᾞῖ
317 339 539 422 ἷκῖῗῗξιῗέῗὲἓθ
551 346 643 404 ειῗᾶἐ.
661 336 1106 413 ²‹‘2⁵.'-⁰⁰1‘};ev¹f¹.21⁸0³‡‡31}s‡‘i.35{3
1124 339 1416 404 fiagrssfffissffi

81 416 364 492 graegdfissfftsilselge
395 424 465 451 imp.
492 415 631 443 Basileae
663 413 745 443 1513.
774 417 810 443 D.
838 430 874 434 —
901 414 928 448 2,
957 414 974 442 2
1001 417 1068 443 Iesu
1095 420 1197 444 tenens
1225 418 1257 443 C.
1284 431 1320 435 —
1347 416 1374 449 25,
1400 415 1417 443 2

549 606 611 638 122.
654 607 696 637 De
718 608 830 638 sancta
851 608 950 637 Anna.

784 699 815 730 3.
842 699 943 738 Quam
971 697 1025 728 diu
1051 700 1166 736 putant
1192 696 1345 736 sterilem,

845 746 938 785 Legis
967 745 1181 777 damnandam
1205 745 1293 783 vitio,

842 794 989 826 Meretur
1020 793 1242 825 delectabilem

844 843 961 874 Rosam
988 841 1098 873 fovere
1124 841 1255 881 gremio.

85 697 118 732 1.
145 697 274 729 Laudes
301 697 343 728 ad
370 697 484 728 laudes
510 698 643 737 iungite,

142 746 295 778 Exsultet
321 745 445 777 caelum
472 745 634 787 laudibus,

141 794 186 826 Et
209 793 323 826 matris
351 793 444 825 buius
471 794 605 826 inclitae

144 842 274 875 Laudes
301 846 466 874 cantemus
494 842 638 876 vocibus,

83 942 118 976 2.
142 940 296 972 Laudans
323 940 458 971 laudare
486 939 596 971 docuit
785 942 817 975 4.
844 940 905 972 Est
931 939 1010 970 haec
1033 939 1140 970 Maria
1164 937 1266 969 teneri

142 988 334 1028 Exemplari
360 987 491 1028 peritia,
844 987 1006 1020 Christum
1033 987 1158 1018 laetans
1185 994 1224 1017 ex
1251 984 1360 1024 ubere,

143 1037 231 1069 Laus
256 1036 306 1068 illi
332 1045 461 1076 semper
487 1035 593 1068 adfuit
845 1036 936 1067 Mitis
962 1035 1100 1066 humano
1127 1034 1235 1074 generi

144 1085 223 1118 Post
248 1094 342 1117 sacra
367 1085 552 1125 puerperia.
844 1084 922 1116 Plus
948 1093 1042 1123 quam
1070 1083 1223 1122 contingit
1252 1081 1370 1114 dicere.

450 1184 482 1213 5.
511 1181 627 1219 Maria,
655 1184 759 1212 mater
784 1180 918 1221 gratiae,

511 1229 582 1262 Tua
607 1230 711 1262 salvet
736 1229 839 1261 oratio

510 1279 560 1310 De
586 1278 658 1310 lacu
684 1287 742 1309 nos
770 1277 918 1308 miseriae

513 1327 627 1360 Fultos
653 1328 767 1358 Annae
793 1325 958 1365 suffragio.

162 1430 250 1457 Brev.
273 1429 417 1457 Sem-ense
439 1430 509 1464 imp.
532 1428 746 1464 Norimbergae
770 1425 853 1454 1498.
877 1442 913 1444 —
935 1425 1002 1460 Vgl.
1025 1425 1194 1458 Klemming
1215 1424 1268 1453 ΙΙΙ,
1291 1421 1328 1449 23
1350 1432 1376 1449 u.
1398 1422 1415 1448 f.

549 1619 608 1650 123.
651 1618 693 1648 De
715 1618 827 1648 sancta
849 1617 949 1647 Anna.

782 1710 814 1740 4.
843 1707 990 1739 Caeleste
1017 1705 1206 1737 beneficium

842 1755 1090 1795 Pneumatisque
1117 1754 1271 1785 solacium

842 1803 880 1838 In
905 1808 1049 1835 sanctam
1075 1803 1203 1835 Annam
1229 1801 1376 1837 fluxerat,

843 1854 932 1892 Quae
956 1852 1095 1884 Mariam
1122 1855 1287 1891 genuerat.

82 1712 114 1747 1.
142 1712 250 1750 Anna,
279 1719 389 1751 regum
417 1710 588 1750 progenies

143 1760 188 1793 Et
214 1759 420 1792 sacerdotum
448 1759 559 1795 series,

145 1809 288 1849 Stirpem
314 1808 473 1839 illustrem
501 1806 648 1847 patribus

145 1857 218 1890 Suis
244 1857 373 1889 ornavit
400 1855 537 1890 actibuS.

83 1957 118 1988 9..
145 1955 258 1995 Nupta
284 1954 365 1986 caeli
392 1953 514 1985 indicio
782 1952 814 1983 5.
842 1950 867 1982 O
896 1952 1044 1980 matrona
1071 1947 1285 1987 sanctissima,

139 2004 250 2036 Fideli
276 2002 482 2035 matrimonio
840 1997 932 2031 Omni
961 1997 1086 2036 repleta
1111 1996 1226 2037 gratia,

140 2054 236 2086 quta
261 2051 395 2084 verbum
421 2050 602 2090 angelicum
842 2047 956 2085 Deum,
984 2049 1147 2077 auctorem
1175 2044 1326 2078 omnium,

137 2101 294 2134 Fructum
328 2099 478 2142 concepit
503 2099 670 2132 caelicum.

79 2202 112 2234 3.
141 2197 324 2232 Infecunda
350 2205 410 2236 pro
435 2199 593 2237 tempore,

140 2249 247 2286 Prope
274 2253 477 2276 marcescens
511 2251 658 2283 corpore,

141 2296 284 2328 Decreto
312 2293 414 2333 patris
441 2292 594 2323 luminum

140 2344 298 2384 Reginam
327 2341 413 2381 parit
440 2340 610 2380 virginum,

156 2441 239 2468 Orat.
260 2447 314 2466 ms.
337 2438 367 2464 S.
391 2437 472 2464 Petri
497 2436 704 2472 Salisburgen.

842 2095 945 2127 Nobis
972 2094 1074 2126 redde
1106 2092 1293 2133 propitium.

807 2219 813 2225 .
842 2193 906 2224 Per
931 2191 1011 2231 eius,
1041 2189 1178 2230 Christe,
1207 2188 1344 2227 gratiam

841 2240 893 2272 Da
918 2240 951 2271 in
974 2243 1077 2270 morte
1106 2236 1266 2274 fiduciam,

840 2288 975 2329 Quando
1001 2288 1075 2319 hinc
1108 2285 1320 2325 egrediemur,

843 2337 887 2370 Ut
913 2340 944 2367 te
971 2344 1099 2375 semper
1125 2333 1390 2373 contemplemur,

729 2443 806 2462 saec.
833 2432 876 2461 15.
898 2433 969 2461 Cod.
991 2433 1101 2459 Petrin.
1125 2439 1142 2457 a
1163 2430 1214 2462 IV,
1237 2427 1282 2457 39.
