1653 2656
0 0 101 166 μ’
640 121 903 157 -113-

557 234 611 266 191.
653 234 696 266 De
717 234 810 267 beata
835 235 991 269 Columba.

606 294 656 321 Ad
687 295 936 324 Nocturnum.

94 365 138 400 ¹1.
165 367 288 400 Ioanna
313 369 428 402 Orbito
453 371 586 412 gloriae,

165 413 299 449 Tiferno
326 416 368 448 sit
393 417 583 459 Margarita,

164 463 238 496 Toti
265 464 392 497 demum
417 466 592 500 Hetruriae

164 511 270 545 Decus
294 515 404 554 Agnes
432 514 559 548 Politia.

104 600 136 632 2.
163 601 209 634 At
233 601 400 642 Augustae
426 602 580 636 Perusiae

165 648 337 690 Splendori
364 659 492 691 semper
516 653 657 685 maximo

163 697 237 730 Erit
263 698 419 732 Columba
446 704 477 731 et
503 701 611 733 curiae

165 746 402 787 Supercaelesti
428 749 556 789 gaudio.

805 376 835 408 3.
864 375 953 407 Haec
980 378 1070 418 virgo
1093 388 1189 420 saepe
1217 382 1342 421 rapitur

860 424 913 456 Ab
941 426 1086 458 sensibus
1113 428 1144 459 in
1171 429 1314 470 aethera,

858 472 940 504 Eam
964 474 1112 507 Christus
1139 477 1324 518 adloquitur

860 520 903 552 Et
931 531 987 554 sua
1015 523 1111 555 donat
1139 526 1251 565 gratia.

805 609 835 639 4.
862 610 953 650 Quod
981 611 1082 643 hostis
1110 611 1200 644 vafer
1226 613 1373 644 invidens

861 658 984 690 Multas
1011 660 1115 691 tendit
1142 661 1287 699 insidias,

863 706 925 738 Sed
955 706 1072 739 Christi
1102 708 1191 749 virgo
1217 710 1346 749 sapiens

860 755 938 786 Eius
967 756 1070 787 eludit
1097 757 1228 797 magias.

459 837 491 868 5.
520 836 568 868 Tu
595 843 663 870 esto
690 844 834 872 nostrum
861 843 1025 882 gaudium.

178 919 299 948 Collect.
328 929 381 947 ms.
410 930 486 948 saeC.
511 922 554 949 16.
576 921 618 959 [et
642 922 697 960 17].
721 927 782 953 Cod
816 928 950 954 Vatia-an.
974 927 1058 956 6275.
1083 944 1115 947 —
1138 930 1199 957 Der
1221 932 1356 966 Hymnus
1377 941 1428 959 zur

99 958 236 987 Nokturn
264 960 304 986 im
325 959 491 996 Gegensatz
519 971 553 988 zu
580 963 636 989 (len
665 965 769 991 beiden
791 967 919 993 anderen
942 968 1201 1003 augenscheinlich
1225 970 1356 996 Prmlukt
1377 971 1428 997 des

100 998 321 1025 Humanismus.

548 1114 610 1145 192.
634 1115 675 1146 De
698 1115 795 1148 beata
819 1117 973 1149 Columba.

647 1176 696 1203 Ad
726 1178 882 1205 Laudes.

100 1249 131 1282 1.
159 1249 334 1283 Columbae
360 1262 443 1284 nunc
469 1254 660 1294 simplicitas

158 1297 347 1332 Proferatur
372 1301 405 1332 in
432 1303 582 1343 medium,

159 1346 254 1378 Cuius
280 1350 447 1388 praecelsa
475 1353 629 1384 sanctitas

156 1393 258 1428 Nobis
284 1402 428 1436 praestet
454 1399 643 1432 subsidium.

94 1481 125 1513 2.
153 1481 235 1514 Dum
262 1483 314 1515 hie
339 1485 485 1518 columba
513 1487 654 1527 degeret,

154 1529 272 1563 Nidum
300 1533 333 1564 in
361 1533 482 1566 Christi
508 1541 640 1575 pectore

151 1577 252 1621 Fecit,
281 1584 315 1612 ut
343 1590 376 1613 se
403 1587 587 1623 protegeret

150 1627 203 1659 Ab
230 1629 316 1660 omni
342 1639 476 1670 prorsus
503 1633 633 1664 scelere.

795 1259 825 1290 3.
854 1259 890 1289 In
918 1258 985 1290 Deo
1009 1267 1106 1299 saepe
1135 1260 1271 1291 volitans

854 1307 964 1338 Mente
991 1307 1121 1347 petebat
1149 1308 1257 1340 sidera

853 1355 895 1386 Et
922 1355 968 1386 sic
995 1356 1026 1387 in
1054 1360 1145 1396 petru
1173 1357 1332 1389 meditans

853 1403 941 1436 Caeli
968 1404 1119 1444 gustabat
1147 1414 1288 1438 munera.

787 1493 819 1522 4.
849 1490 953 1522 Hodie
982 1491 1113 1522 tandem
1140 1492 1254 1524 sitiens

847 1539 900 1570 Ad
928 1538 1049 1571 fontem
1075 1541 1180 1572 vivum
1208 1541 1333 1580 patriae

848 1587 891 1619 Et
918 1587 981 1619 ima
1008 1592 1123 1621 cuncta
1151 1589 1302 1621 deserens

847 1636 900 1667 Ad
929 1645 1062 1676 regnum
1088 1637 1147 1669 ivit
1174 1638 1305 1678 gloriae.

453 1721 484 1750 5.
514 1719 560 1750 Tu
588 1725 656 1751 esto
682 1727 826 1752 nostrum
854 1723 1016 1762 gaudium.

167 1800 289 1830 Collect.
316 1813 367 1831 ηις.
391 1813 466 1831 saec.
496 1805 538 1833 16.
566 1804 613 1841 [et
632 1805 686 1843 17].
712 1807 783 1835 Cod.
806 1809 943 1836 Vatican.
968 1809 1052 1837 6278.

503 1959 564 1990 193.
607 1961 648 1991 De
672 1963 781 1992 saneto
805 1962 1003 1994 t'olumbano.

90 2036 121 2071 1.
147 2038 281 2071 Athleta
305 2039 426 2073 Christi
455 2042 609 2075 Columba

195 2086 297 2127 ipsius
324 2092 355 2120 et
382 2090 498 2131 hostia,

143 2134 246 2168 Bobio
272 2137 354 2170 mire
380 2143 565 2172 constructo

192 2185 347 2218 recedens
373 2196 391 2219 a
418 2189 558 2228 saeculo7

143 2231 243 2272 Quam
270 2233 364 2267 beate
391 2236 478 2268 vivat
505 2238 606 2279 caelo,

191 2282 291 2323 signis
317 2285 432 2324 pandit
459 2286 590 2326 populo.

787 2046 818 2078 2.
847 2046 936 2076 Assit
964 2054 1093 2085 semper
1120 2045 1297 2079 christiano

895 2094 966 2134 pius
993 2093 1204 2125 contubernio

845 2142 948 2174 Orans
976 2143 1166 2182 praesertim
1194 2152 1254 2183 pro
1281 2151 1355 2174 caro

894 2190 1021 2221 sibimet
1050 2191 1203 2232 Luxovio,

846 2239 890 2272 Ut
917 2239 1003 2270 illius
1030 2239 1177 2270 instituto

892 2286 1005 2318 floreat
1031 2293 1199 2328 perpetuo.

449 2373 480 2406 3.
510 2373 622 2406 Gloria
649 2378 680 2405 et
707 2374 810 2406 honor
838 2373 906 2406 Deo
933 2379 993 2408 etc.

155 2456 236 2485 Lect.
259 2467 312 2486 ms.
328 2459 518 2486 Luxoviense
539 2469 616 2487 saee-
640 2458 683 2487 11.
706 2463 735 2488 et
760 2458 802 2487 13.
818 2460 889 2488 (jod.
905 2461 1044 2488 Vesolau.
1073 2460 1094 2488 l.
1119 2461 1184 2488 add.
1207 2470 1283 2489 saec.
1309 2461 1352 2490 12.
1371 2472 1415 2490 ex.

135 2508 280 2537 Dreves,
299 2509 404 2539 Hymni
422 2509 535 2533 Inediti.
568 2510 629 2533 vu.

1229 2509 1246 2538 8
