1653 2656
119 2077 150 2109 1.
181 2076 372 2119 Germanus,
402 2078 532 2118 praesul
559 2077 700 2119 inclitus,

182 2125 310 2157 Nostris
337 2126 460 2166 aspiret
488 2126 651 2167 precibus,

183 2174 225 2207 Ut
251 2174 284 2206 in
307 2174 440 2206 caelesti
467 2174 576 2215 patria

178 2222 286 2262 Digna
312 2231 494 2254 mercemur
520 2223 650 2263 gaudia.

114 2312 146 2344 ξύ

369 858 376 865 .
405 834 469 865 Hic
495 840 664 876 postquam
691 838 817 877 apicem
845 839 1033 870 conscendit
1059 840 1182 871 ordinis

674 134 939 169 —161—

481 293 543 325 271.
585 294 627 325 De
649 303 674 325 s.
697 296 850 327 Germano
872 296 1131 329 Antisiodorensi.

352 371 383 402 1.
411 371 602 405 Sanctorum
627 376 750 407 meritis
774 377 886 408 inclita
912 378 1030 417 gaudia

408 420 599 461 Pangamus,
626 424 714 465 socii,
743 433 856 456 vocum
882 426 1065 465 concordia,

412 467 495 500 Nam
524 470 631 510 gliscit
657 472 782 503 animus
810 482 959 512 promere
984 474 1134 507 laudibus

485 517 645 563 Iustorum
675 520 771 552 vitam
795 522 992 560 praesulum.

371 627 378 634 .
407 603 498 635 Inter
524 613 604 644 quos
629 604 739 638 floruit
766 606 815 638 vir
841 607 942 648 stirpe
969 607 1098 646 nobilis,

407 650 588 684 Germanus
614 653 774 693 pontifex,
802 655 887 687 vitae
913 656 1097 695 laudabilis,

406 698 489 730 Nam
518 699 635 732 fastum
663 711 818 742 respuens
845 704 966 735 terreni
994 705 1142 736 culminis

483 749 623 780 Mutavit
649 754 767 782 statum
794 752 949 791 corporis.

404 883 444 914 Se
472 884 562 922 pavit
588 884 710 917 hordeo
737 894 808 917 cum
835 890 913 926 potu
940 887 1047 919 laticis
1185 867 1192 882 ⁷

402 930 572 963 Gustando
599 933 748 972 primitus
777 935 941 973 paululum
970 935 1100 971 cineris,

481 979 625 1012 Naturae
651 990 773 1012 memor
800 980 937 1021 fragilis.

368 1090 376 1098 .
404 1066 508 1098 Huius
534 1067 641 1098 cilicio
668 1076 785 1108 corpus
811 1067 979 1109 affligitur,

400 1114 478 1146 Orat
506 1115 646 1154 assidue,
674 1114 750 1147 fletu
777 1115 985 1156 perfunditur

400 1163 512 1194 Iacens
537 1163 569 1194 in
599 1164 716 1204 cinere,
744 1165 798 1196 vix
826 1174 956 1196 somnus
984 1166 1122 1207 capitur,

476 1211 529 1242 Sic
557 1212 668 1243 vivens
694 1211 763 1244 fere
788 1213 934 1245 moritur.

366 1322 373 1330 .
402 1298 465 1329 Hic
491 1303 552 1335 est,
579 1299 634 1339 qui
660 1304 803 1331 mortuos
830 1300 917 1332 vitae
944 1301 1094 1339 restituit,

398 1347 464 1378 Iste
491 1356 551 1386 per
577 1348 682 1379 oleum
709 1357 797 1380 mare
825 1350 1034 1389 compescuit,

400 1394 535 1435 Sepulto
562 1396 704 1435 praesuli
732 1397 832 1429 verba
860 1398 1020 1429 conseruit

478 1443 521 1475 Et
549 1445 699 1476 claustris
727 1446 851 1477 vinctos
877 1447 970 1479 eruit.

338 1531 371 1564 6.
402 1530 463 1562 Per
489 1531 585 1562 istum
613 1536 757 1564 mortuus
784 1532 921 1564 absolvit
949 1537 1118 1573 mortuum,

398 1579 455 1611 Cui
483 1588 554 1611 sese
580 1580 736 1612 Dominus
765 1580 856 1612 dedit
883 1581 1046 1622 viaticum,

395 1628 458 1660 Hic
485 1627 577 1660 nobis
604 1629 730 1660 veniam
757 1634 871 1671 poscat
897 1631 1117 1670 peccaminum

474 1676 551 1708 Post
576 1677 669 1709 huius
697 1678 782 1710 vitae
814 1678 997 1713 transitum.

205 1766 291 1792 Brev.
317 1764 512 1792 Atrebatense
535 1764 604 1799 imp.
626 1765 762 1792 Atrebati
787 1763 868 1792 1595.

460 1937 526 1967 272.
568 1937 610 1968 De
633 1945 657 1968 s,
680 1937 835 1969 Germano
857 1937 1122 1970 Autisiodorensi.

598 1998 647 2026 Ad
676 1999 785 2034 Vesp.
814 2003 849 2027 et
876 1999 983 2026 Noct.

177 2309 298 2342 Beatus
325 2311 376 2342 vir
402 2310 561 2350 egregius,
820 2313 852 2344 4.
881 2311 1102 2343 Mediolanum
1132 2312 1274 2353 veniens,

179 2358 318 2392 Summis
344 2359 472 2399 pollens
499 2359 684 2399 virtutibus,

179 2407 306 2448 Corpus
334 2407 469 2440 domans
496 2407 635 2450 ieiuniis,

177 2455 281 2488 Novis
307 2460 402 2488 utens
428 2455 598 2496 prodigiis.

173 2516 318 2544 Dneves,
336 2515 440 2544 Hymni
459 2514 573 2537 Inediti.
608 2514 670 2537 VII.

822 2080 853 2110 3.
882 2078 964 2109 Nam
993 2079 1168 2110 condolens
1194 2080 1332 2111 miseriis

881 2126 1087 2165 Quorundam
1117 2126 1201 2159 fabri
1228 2128 1336 2168 operis

882 2175 1010 2206 Struem
1037 2176 1142 2207 erexit
1167 2176 1311 2216 lapidum

881 2223 998 2255 Dando
1026 2224 1129 2255 crucis
1156 2225 1367 2265 signaculum,

879 2359 1005 2391 Aedem
1032 2369 1157 2391 sacram
1183 2360 1381 2401 ingrediens,

882 2407 1056 2440 Daemonis
1083 2418 1161 2440 voce
1187 2410 1303 2451 patuit.

881 2456 941 2495 Qui
967 2465 1077 2489 servos
1104 2457 1165 2489 Dei
1192 2458 1296 2499 latuit,
