1653 2656
691 113 952 148 -151—

574 218 641 250 256.
684 218 726 250 De
746 219 858 250 saneta
879 215 1067 249 Gebetrude.

159 313 188 344 1.
217 309 370 342 Exsultet
395 309 489 350 plebs
515 308 659 341 fidelium
854 310 886 340 4.
914 305 962 339 Ob
989 305 1061 345 hoc,
1088 313 1205 344 sponso
1232 301 1427 343 gratissima,

217 358 260 390 Et
286 358 439 399 imploret
465 358 619 390 auxilium
918 355 1016 394 Virgo
1043 351 1314 385 excellentissima

218 407 339 438 Summi
367 407 495 446 paterni
523 405 662 437 numinis
916 403 1072 434 Laetatur
1097 402 1129 432 in
1157 399 1362 437 caelestibus⁷

219 454 351 486 Festum
380 455 517 486 colendo
544 453 688 494 virginis.
916 451 1027 483 Laetis
1053 450 1162 481 iuncta
1188 447 1380 488 agminibus,

160 555 191 585 2.
222 552 347 585 Psallat
375 551 491 583 chorus
517 552 548 582 in
575 551 684 592 iubilo,
858 552 887 581 5.
916 548 942 580 Ο
970 545 1166 579 Gebetrudis
1195 545 1336 584 domina,

219 601 338 632 Preces
364 598 481 631 fundat
511 602 546 630 in
571 598 682 630 nubilo
916 596 1018 627 Posce
1044 594 1136 626 nobis
1163 593 1330 632 solamina,

219 648 412 680 Recolamus
439 652 471 679 et
499 647 609 679 inclita
916 643 959 676 Ut
985 651 1166 674 mereamur
1192 640 1349 672 scandere

221 696 364 736 Virginis
391 705 504 727 sacrae
531 696 657 726 merita.
918 691 1015 731 Apud
1041 699 1192 730 sponsum
1216 689 1248 720 in
1275 687 1418 719 aethere.

162 796 193 828 3.
221 794 311 825 Haec
333 802 453 833 sponso
481 791 541 823 fuit
569 791 665 822 obvia
859 791 891 822 6.
919 788 968 820 Sit
996 789 1064 819 Deo
1091 787 1176 827 patri
1204 785 1393 825 praemium,

221 841 338 874 Mundi
367 846 574 872 contemnens
602 838 732 880 gaudia,
920 837 1015 875 Laus,
1043 836 1146 867 honor
1172 839 1203 865 et
1228 833 1413 872 imperium.

224 890 335 923 Oleum
363 898 471 921 secum
500 888 617 920 detulit
921 885 995 917 Una
1022 893 1093 915 cum
1119 882 1284 922 unigenito

225 939 355 970 Christo
381 937 528 969 ardendo
555 936 684 970 obtulit.
919 933 962 964 Et
988 932 1105 972 spiritu
1132 930 1301 970 paraclito.

241 1034 326 1060 Brev.
350 1041 403 1059 ms.
428 1031 577 1059 Romarici
600 1030 712 1056 Montis
735 1037 810 1055 saec.
835 1025 879 1054 16.
902 1026 972 1053 Cod.
996 1025 1159 1060 Spiualien.
1185 1022 1239 1050 164
1259 1021 1326 1056 (77).

604 1200 670 1231 257.
712 1199 754 1230 De
777 1199 886 1229 sancto
909 1195 1073 1228 Gendulso.

170 1299 200 1330 1.
229 1296 312 1330 Iesu.
339 1297 523 1326 sanctorum
552 1291 741 1331 praemium,
866 1290 897 1322 3.
925 1286 1029 1320 Aufer
1054 1296 1073 1318 a
1098 1284 1190 1316 nobis
1218 1283 1323 1322 noxia,

231 1344 352 1384 Perpes
379 1351 497 1374 corona
523 1339 721 1380 praesulum,
928 1335 1048 1375 Quibus
1077 1337 1225 1365 crescunt
1250 1331 1448 1372 peccamina,

230 1394 349 1425 Aurem
377 1395 465 1422 tuam
494 1389 682 1421 clementius
927 1383 1138 1424 Triumphum
1167 1381 1288 1421 praebe
1314 1380 1473 1411 scelerum

230 1441 358 1473 Nostris
384 1438 537 1479 impende
564 1436 707 1468 vocibus.
927 1434 971 1466 Et
999 1433 1038 1464 de
1064 1430 1228 1470 triumpho
1254 1428 1444 1469 praemium.

169 1541 201 1572 2.
231 1537 342 1571 Sancti
370 1534 536 1574 Gendulfi‚
565 1541 768 1574 quaesumus,
868 1533 900 1564 4.
927 1529 1061 1561 victrici
1088 1531 1200 1560 nostra
1226 1532 1375 1566 tempora

231 1587 298 1620 Piis
325 1586 457 1626 placare
484 1583 645 1624 precibus,
928 1579 1029 1618 Cinge
1055 1585 1175 1609 corona
1202 1576 1325 1616 laurea,

232 1635 277 1669 Ut
301 1643 400 1675 aegra
426 1632 528 1665 nostri
555 1630 701 1671 corporis
927 1628 973 1661 Ut
999 1627 1042 1658 sis
1068 1624 1225 1657 victorin
1251 1623 1364 1663 milite,

233 1684 333 1717 Curet
358 1682 486 1714 medela
513 1680 647 1714 salubri.
929 1675 990 1716 Qui
1017 1685 1051 1707 es
1078 1674 1229 1714 princeps
1255 1673 1288 1704 in
1316 1671 1477 1712 principe.

468 1783 498 1813 5.
527 1778 600 1811 Tibi
627 1778 679 1817 sit,
708 1776 847 1815 Christe,
875 1774 988 1816 gloria,

522 1828 593 1869 Qui,
621 1826 706 1867 quod
732 1830 781 1857 est
806 1824 957 1864 simplex,
986 1822 1144 1864 triplicas‚

522 1876 662 1916 Simplas
690 1878 722 1906 et
746 1874 834 1906 idem
860 1872 995 1913 pariter,

521 1924 613 1965 Quod
640 1924 743 1955 solum
770 1931 840 1954 esse
867 1924 1046 1961 permanet.

251 2027 334 2054 Lect.
362 2033 414 2052 ms.
442 2033 464 2051 s.
487 2022 646 2050 Trinitatis
676 2020 713 2047 de
736 2019 902 2046 Moriniaco
932 2025 1008 2043 saecu
1033 2013 1076 2042 12.
1100 2014 1169 2041 Cod.
1193 2013 1290 2039 Vatic.
1314 2009 1421 2048 Regin.
1445 2008 1511 2038 5⁸29.

608 2193 676 2224 258.
717 2192 760 2223 De
782 2192 890 2222 sancto
913 2187 1077 2220 Gendulso.

730 2252 780 2281 Ad
803 2250 959 2279 Laudes.

437 2347 468 2379 1.
497 2345 588 2377 Inter
614 2342 785 2375 caelicolas
812 2339 953 2371 aetheris
979 2347 1090 2370 omnes

489 2393 550 2432 Qui
576 2399 719 2424 summae
746 2389 867 2422 renites
893 2387 1054 2427 lampadis
1081 2386 1194 2426 instar,

538 2441 671 2480 Nostra,
699 2439 804 2476 beate,
831 2436 944 2468 nubila
969 2435 1064 2476 pelle.
