1653 2656
734 135 993 170 -164—

202 235 233 266 7.
267 234 446 266 Daemones
469 233 602 275 fugiunt,
892 232 925 265 8.
952 232 1001 265 Sit
1026 231 1096 264 laus
1120 231 1191 264 Deo
1215 232 1313 272 patri,

267 282 403 313 Vincula
428 282 604 320 solvuntur,
951 279 1080 311 Summo
1107 279 1236 312 Christo
1261 279 1370 321 decus,

264 329 377 362 Claudi
404 329 549 360 resiliunt
950 327 1086 367 Spiritui
1112 331 1224 360 sancto

264 377 409 417 Mutique
435 377 614 416 loquuntur.
948 375 1066 406 Tribus
1091 375 1193 407 honor
1217 384 1310 409 unus.

275 472 359 498 Brev.
387 479 439 496 ms.
470 470 617 497 Romarici
647 470 758 496 Montis
785 477 861 496 saec.
890 467 935 497 16.
961 469 1031 496 Cod.
1053 469 1218 505 Spinalieu.
1247 469 1303 498 164
1330 470 1398 505 (77).
1420 473 1455 499 A.
1481 487 1520 492 —

198 511 282 537 Brev.
305 509 447 536 Tullense
477 509 545 543 imp.
567 508 690 534 Parisiis
714 506 795 535 1510.
817 508 850 533 B.
874 523 909 527 —-
932 507 1176 535 Brev.Tu11ense
1198 510 1266 546 imp.
1287 510 1412 538 Parisiis
1437 509 1518 539 1511.

197 549 229 576 C.
252 563 285 566 —
332 546 376 575 ,1
401 547 494 581 prima
517 547 573 573 BC.
596 560 631 564 —
653 544 716 579 6,1
738 545 906 581 regrediens
928 546 962 572 A.
983 561 1020 566 —
1041 544 1070 580 8,
1089 545 1109 573 4
1126 547 1235 574 Trinus
1257 548 1350 576 honor
1370 548 1429 577 Bc.

629 706 692 736 277.
734 706 774 736 De
794 707 902 737 sancto
924 706 1084 745 Gregorio.

198 797 229 827 1.
255 795 404 827 Summae
431 795 517 826 sedis
543 795 706 832 antistitis,
882 799 915 828 4.
941 797 1118 836 Anglorum
1144 806 1268 838 qnoque
1294 799 1423 839 populis

255 844 342 876 Deus
368 843 459 880 alme,
489 842 636 884 Gregorii
942 844 1004 876 Hic
1029 843 1133 876 adfuit
1160 842 1379 890 [incredulis],

256 891 387 922 Festum
415 891 554 922 colentes
581 899 640 930 per
664 891 773 923 orbem
942 893 1026 932 Quos
1052 893 1128 925 licto
1155 893 1243 925 cultu
1270 894 1459 926 daemonum

257 939 384 971 Meritis
411 939 477 970 eius
504 943 645 979 protege.
943 940 1109 972 Convertit
1134 942 1175 973 ad
1199 941 1399 975 altissimum.

198 1037 229 1067 2.
257 1034 355 1066 Sacra
379 1034 466 1065 cuius
493 1034 618 1074 eloquia
885 1039 915 1068 5.
943 1036 991 1067 De
1018 1036 1106 1068 cuius
1130 1045 1223 1068 sacro
1247 1038 1387 1070 transitu

254 1082 347 1114 Vitae
375 1081 506 1113 ferentis
533 1091 651 1121 pascua
945 1084 1068 1115 Chorus
1094 1084 1233 1117 laetatur
1257 1086 1396 1117 omnium

256 1130 321 1162 Lac
349 1134 457 1170 potum
485 1131 604 1161 donant
631 1131 784 1170 parvulis,
943 1132 1139 1173 Angelorum
1168 1137 1199 1164 et
1225 1134 1385 1165 hominum

256 1177 366 1209 Cibum
393 1178 573 1209 ministrant
600 1178 727 1210 validis.
942 1179 1069 1211 Summo
1095 1180 1163 1212 Deo
1189 1181 1395 1221 placentium.

199 1276 230 1304 3.
259 1272 301 1305 Ut
329 1274 427 1304 erecti
453 1282 514 1304 non
543 1282 644 1314 ruere,
883 1277 915 1308 6.
942 1277 1010 1308 Iam
1037 1275 1183 1316 pontifex
1210 1277 1346 1318 egregie,

257 1320 354 1360 Lapsi
378 1321 546 1352 addiscant
573 1330 713 1362 surgere,
942 1324 1005 1355 Pro
1030 1323 1121 1355 nobis
1148 1324 1249 1356 Deum
1275 1325 1390 1365 iugiter

256 1368 498 1400 Haereticorum
525 1369 673 1400 haereses
941 1371 1050 1403 Exora
1075 1372 1176 1403 sacris
1200 1372 1362 1414 precibus,

255 1416 337 1447 Divo
363 1421 510 1448 secantur
537 1417 680 1457 cuspide.
941 1419 985 1451 Ut
1011 1419 1102 1451 nobis
1127 1424 1240 1460 parcat
1260 1421 1416 1454 omnibus.

572 1514 600 1544 7.
630 1516 770 1545 Aeterno
797 1514 883 1553 patri
909 1515 1011 1554 gloria

628 1561 791 1601 Simulque
817 1562 884 1593 eius
910 1563 1031 1602 genito,

627 1608 744 1640 Sancto
769 1619 893 1650 quoque
919 1610 1047 1650 spiritui

629 1656 676 1688 Sit
702 1658 899 1690 saeculorum
925 1659 1073 1691 saeculis.

267 1749 374 1783 Hymn.
397 1758 448 1776 ms.
471 1751 636 1778 Bobbiense
661 1761 735 1779 saec.
761 1752 803 1780 11.
819 1753 889 1780 Cod.
905 1753 1041 1781 Vaticau.
1063 1752 1147 1782 5776.
1170 1769 1208 1773 —
1228 1753 1254 1787 2,
1276 1753 1294 1781 2
1314 1756 1449 1783 ferentes.
1472 1769 1508 1774 —

188 1785 439 1858 ἐ,τ)11,ἷ1π23ἇὲ
457 1798 514 1815 uon
542 1798 632 1817 mere.
657 1805 690 1809 —-
713 1790 743 1823 4,
772 1790 789 1818 3
811 1792 891 1825 Quos
918 1792 974 1819 lito
995 1793 1085 1820 cultu.
1107 1808 1144 1812 —
1166 1793 1222 1821 Ofr.
1247 1794 1307 1821 Mai
1329 1795 1414 1822 Nova
1435 1794 1507 1822 bibl.

213 1834 229 1851 a

615 1960 682 1991 278.
723 1961 763 1992 De
784 1964 892 1993 sancto
914 1963 1076 2003 Gregorio.

473 2048 503 2081 1.
531 2048 711 2092 Splendida
738 2060 829 2083 sacra
854 2053 1019 2092 gratulans
1045 2063 1154 2086 amore

529 2096 624 2128 Plebs
650 2098 708 2129 tibi
736 2098 817 2131 festa
844 2101 996 2139 celebrat,
1025 2101 1162 2142 Gregori

528 2145 655 2184 Sancte,
683 2147 736 2186 qui
762 2157 883 2180 summo
909 2150 1022 2181 rutilas
1049 2150 1169 2182 honore

672 2194 768 2235 Regis
794 2196 826 2227 in
852 2197 936 2229 aula.

468 2289 498 2322 2.
527 2289 575 2320 Tu
602 2291 673 2329 pius
700 2296 811 2330 pastor
837 2293 1011 2333 populique
1037 2300 1144 2327 rector

526 2336 630 2368 Huius
657 2341 687 2369 et
713 2345 842 2372 nostrae
868 2341 993 2380 patriae
1019 2346 1184 2386 patronus,

525 2384 587 2415 Hic
613 2386 675 2416 tuis
702 2387 822 2426 praebe
848 2387 978 2420 famulis
1005 2389 1157 2427 favorem

670 2432 812 2473 Signifer
837 2437 930 2469 alme.
