1653 2656
725 161 765 165 —
820 140 886 174 160
937 158 981 164 -

574 311 641 343 269.
683 309 726 341 De
748 319 771 340 s.
793 309 931 340 Ger-ardo
952 308 1128 340 Potentino.

735 400 757 426 A
768 399 785 425 <l
813 399 970 426 Laudes.

197 508 226 538 1.
254 505 376 543 Gaude,
404 504 481 537 felix
509 506 664 544 Potentia,
881 507 913 538 4.
940 506 992 537 Ad
1020 513 1090 536 euni
1118 514 1173 537 cor
1199 505 1386 545 convertite,

253 553 316 585 Sub
345 557 434 584 tanto
461 554 540 584 duce
567 554 718 591 militans.r
943 553 983 585 Ut
1009 553 1197 594 interpellat
1222 553 1403 593 Dominum,

254 601 386 632 Virtutis
419 601 581 640 opulentia
939 601 981 632 Et
1007 611 1026 633 a
1052 601 1135 633 malo
1161 601 1307 643 avertite,

253 649 349 680 Plene
376 649 497 680 cunctis
523 649 693 681 irradians.
940 649 983 681 Ut
1009 649 1161 690 praebeat
1188 649 1353 682 auxilium.

193 755 222 784 2.
254 753 366 784 Plenus
393 753 622 791 misericordia,
880 757 911 786 5.
941 754 1000 785 Hic
1027 754 1068 785 ad
1095 755 1175 786 caeli
1202 755 1356 795 palatium

253 801 409 832 Fervidus
439 801 588 838 amicitia.
938 804 1132 842 Assumptus
1158 807 1205 834 est
1233 801 1382 843 feliciter,

251 848 388 880 Refulsit
416 849 446 880 in
474 849 620 891 ecclesia,
939 850 1003 883 Ubi
1028 850 1124 882 habet
1150 851 1317 889 solacium,

251 895 397 936 Refulget
425 905 507 928 nunc
533 896 563 928 in
592 897 707 937 patria.
937 898 1027 936 Quod
1055 898 1146 930 nobis
1172 903 1260 938 optat
1287 899 1414 938 iugiter.

190 1003 222 1032 3.
251 1000 302 1032 Sic
330 1001 482 1032 colendus
508 1001 690 1033 hominibus
879 1005 911 1035 6.
940 1003 1049 1034 Honor
1075 1003 1116 1034 sit
1142 1004 1208 1035 alto
1234 1004 1383 1045 Domino,

250 1048 386 1088 Propter
411 1048 471 1080 Dei
498 1049 690 1080 charismata
938 1051 1037 1085 Patri,
1064 1055 1148 1092 uam,
1178 1052 1346 1092 paraclitoff

249 1094 406 1126 Censetur
430 1100 461 1127 et
486 1096 659 1128 honoribus
936 1098 970 1128 In
999 1099 1087 1129 cuius
1114 1099 1175 1129 iam
1203 1101 1363 1131 consortio

249 1143 371 1182 Dignus
399 1142 565 1176 confutans
591 1145 773 1178 schismata.
938 1146 998 1177 Hic
1024 1145 1141 1177 fruitur
1166 1147 1296 1180 solacio.

185 1869 203 1899 [Ο

267 1246 337 1273 Cod.
359 1246 444 1273 Arch.
467 1248 561 1274 Vatic.
583 1249 607 1274 X
630 1246 676 1275 759.
697 1263 734 1267 —
755 1248 781 1281 5,
803 1247 820 1275 2
842 1249 925 1282 Quod
947 1250 1096 1284 pronobis.

560 1426 626 1456 270.
669 1427 708 1457 De
730 1437 753 1455 s.
775 1427 913 1458 Gerardo
935 1428 1109 1459 Potentino.

685 1515 1001 1552 1112.V‹›speris.

215 1644 221 1650 .
250 1620 341 1651 Pacis
369 1621 481 1653 cultor.
510 1621 609 1652 hostis
635 1623 729 1662 ultor,
876 1627 907 1656 4.
935 1626 1026 1664 Aqua
1054 1626 1171 1663 vinum,
1199 1626 1274 1657 dum
1302 1626 1444 1658 divinum

294 1667 469 1709 Gerardus,
500 1668 558 1700 Dei
586 1670 689 1709 gratia
983 1673 1094 1704 Crucis
1128 1673 1270 1713 praefert
1297 1674 1506 1715 signaculum,

246 1716 343 1754 Quem
372 1716 511 1757 decorat,
540 1726 631 1756 quem
660 1718 792 1750 honorat
935 1720 987 1751 Fit
1013 1725 1076 1752 tam
1100 1721 1226 1761 bonum,
1254 1727 1318 1754 tam
1342 1723 1506 1762 decorum,

282 1763 424 1794 Aetermz
450 1764 529 1795 caeli
554 1760 673 1805 ylario.
720 1807 724 1812 .
983 1767 1140 1801 Conditor
1165 1770 1251 1801 alme
1276 1771 1432 1803 siderum.

211 1894 218 1901 .
248 1868 341 1900 Vitae
368 1868 480 1905 forma,
508 1879 629 1901 morum
656 1880 767 1902 norma
877 1876 907 1905 5.
936 1873 1049 1906 Nautis
1076 1880 1187 1915 portus
1214 1877 1306 1908 huius
1333 1881 1422 1909 ortus

294 1917 431 1949 Praebet
459 1917 607 1950 ducatum
635 1920 774 1960 populis,
814 1935 818 1938 -
983 1923 1161 1955 Praebetur
1186 1925 1218 1956 in
1245 1924 1425 1968 naufragio,

244 1963 347 1996 Minat
373 1974 500 2005 gregem
527 1966 591 1997 dux
619 1967 660 1998 ad
688 1976 804 2007 regem,
935 1970 1027 2003 Cedit
1055 1971 1212 2013 planctus,
1241 1974 1319 2004 fiunt
1346 1979 1468 2013 cantus,

297 2011 437 2045 Consors
460 2016 619 2052 paternae
642 2014 776 2055 gloriae.
982 2018 1069 2058 Iesu,
1095 2023 1206 2051 rostra
1233 2021 1420 2062 redemptio.

213 2141 218 2146 .
248 2116 358 2148 Caecis
383 2118 479 2157 visus,
507 2119 623 2151 clausis
649 2129 776 2160 gressus
817 2163 821 2166 .
873 2124 904 2155 6.
932 2122 1033 2154 Deum
1060 2134 1154 2156 unum
1182 2131 1277 2166 atque
1303 2128 1423 2160 trinum

294 2166 356 2197 Per
382 2166 465 2197 hunc
491 2167 586 2198 datur
611 2168 754 2211 mirifice,
980 2171 1160 2204 Laudemus
1185 2183 1254 2206 cum
1281 2175 1416 2218 laetitia,

245 2212 367 2244 Surdus
393 2215 493 2251 audit,
521 2220 625 2247 mutus
653 2215 767 2255 fandit,
932 2220 992 2258 Qui
1017 2221 1144 2260 paravit
1169 2231 1208 2254 ac
1234 2223 1368 2256 donavit

291 2261 439 2302 Maymte
463 2262 555 2295 Deus
575 2264 753 2304 potentiae.
980 2267 1088 2301 Beata
1113 2270 1208 2303 nobis
1231 2273 1367 2312 qaudia.

258 2365 329 2392 Cod.
360 2366 447 2393 Arch.
475 2368 571 2394 Vatie.
601 2369 636 2395 X.
666 2367 711 2395 89.
735 2385 771 2388 —
792 2368 818 2403 3,
844 2369 863 2397 4
883 2371 1010 2407 Magnus
1032 2373 1087 2400 Dei
1116 2376 1276 2410 potentiae.
1298 2391 1332 2396 -
1356 2377 1413 2405 Die
1439 2379 1505 2406 vier

180 2403 316 2438 Hymnen
347 2405 400 2432 auf
417 2405 565 2433 Gerardus
588 2415 645 2433 von
668 2407 798 2435 potenza
819 2408 901 2436 siehe
921 2410 996 2437 auch
1019 2412 1091 2438 Acta
1113 2414 1165 2440 SS.
1187 2414 1252 2442 Oct.
1274 2415 1357 2448 XIII,
1378 2414 1437 2444 470
1457 2426 1504 2453 sq.

178 2450 231 2469 aus
255 2442 367 2478 Campi,
390 2445 524 2473 Historia
545 2446 574 2473 di
595 2446 742 2473 Piacenza
763 2447 786 2480 Ι,
809 2445 875 2475 382.
898 2457 961 2484 sqq.
