1653 2656
706 121 945 158 -57-

631 234 678 266 89.
718 235 761 267 Do
781 235 913 267 Rosario
935 236 1023 268 BMV.

686 306 737 334 Ad
764 306 958 343 Vesperas.

160 389 190 423 1.
217 391 299 431 Ave,
327 391 431 424 electa
455 392 536 436 Deo,
852 397 884 428 4.
912 395 1011 435 Virgo
1038 396 1157 428 amicta
1180 396 1257 438 sole,

217 439 280 472 Dei
309 439 406 481 digna
432 449 560 482 parens,
911 444 1038 476 Lunam
1066 445 1148 484 pede
1174 445 1305 485 premis⁷

219 487 320 528 Virga
346 489 434 520 Iesse
459 488 590 531 florens,
915 492 1018 524 Stella
1043 494 1139 525 enixa
1165 494 1276 533 solem,

219 536 363 568 Primum
391 537 473 569 caeli
500 538 607 571 decus.
912 541 1018 581 Caput
1042 541 1165 583 hydrae
1190 543 1279 576 teris.

158 623 190 655 2.
220 622 399 666 Nuntiaris,
426 625 522 666 alma,
853 630 884 660 5.
912 627 981 659 Deo
1008 636 1047 659 ex
1073 628 1143 668 lege
1170 638 1279 661 sacras

221 670 347 711 Spiritu
374 671 524 713 fecunda,
911 677 1037 709 Marem
1063 677 1168 716 primo
1194 681 1313 714 natum,

219 720 370 752 Paritura
398 721 530 753 verbum
912 724 1011 763 Quem
1037 724 1206 764 praefatur
1231 731 1319 758 vates

218 767 366 800 Salutare
393 770 506 809 patris.
912 772 1034 804 Lumen
1062 773 1150 812 plebi
1178 775 1297 807 datum.

159 855 191 887 3.
219 854 328 888 Mater
354 856 424 888 adis
451 860 584 888 matrem
851 859 882 890 6.
911 859 1082 890 Invenitur
1107 859 1230 891 lactens

220 902 318 935 Sexto
344 913 453 935 mense
480 903 588 945 fetam,
909 908 939 938 A
966 908 1067 947 magis
1093 908 1125 938 in
1153 908 1256 949 domo,

220 951 316 984 Unde
343 952 483 984 exsultat
510 954 608 985 verbo
909 955 940 986 A
966 959 999 986 te
1026 964 1094 986 cum
1122 957 1284 996 magistris

218 999 317 1031 Verbi
344 1009 405 1032 vox
432 1005 463 1032 et
488 1010 617 1040 praeco.
909 1002 1081 1034 Dis-serens
1108 1004 1140 1035 in
1168 1005 1298 1044 templo.

592 1089 622 1120 7.
649 1088 736 1119 Laus
762 1087 832 1128 tibi,
860 1089 980 1131 regina,

650 1137 738 1175 Quae
763 1136 834 1176 pios
861 1146 996 1169 coronas

649 1184 870 1225 Triumphalis
897 1186 982 1217 horti

648 1232 742 1264 Liliis
768 1236 800 1264 et
823 1234 914 1266 rosis.

228 1315 351 1351 Antiph.
373 1325 426 1343 ms.
449 1316 478 1344 S.
500 1317 683 1345 Katharinae
706 1318 888 1346 Divoduren.
914 1328 990 1347 saec.
1014 1318 1058 1347 14.
1080 1321 1151 1348 Cod.
1175 1322 1311 1348 Vatican.
1333 1331 1355 1348 s.
1377 1331 1404 1349 n.
1429 1323 1478 1350 iol.

154 1351 209 1380 122
231 1354 287 1387 bis)
307 1354 373 1382 add.
395 1363 471 1383 saec.
496 1354 568 1384 ¹⁶lxss.

614 1460 662 1491 90.
705 1461 746 1493 De
772 1460 902 1493 Rosario
925 1461 1012 1493 BMV.

653 1531 705 1559 Ad
732 1533 970 1560 Matutinum.

151 1616 181 1650 1.
210 1616 332 1648 Christi
357 1618 514 1658 gementis
539 1618 697 1651 imbribus
843 1623 876 1655 4.
905 1621 1075 1660 Succurre,
1102 1625 1214 1660 mater,
1242 1622 1309 1654 filio

209 1665 347 1706 Rigatur
373 1666 486 1698 hortus
512 1667 624 1710 roseis,
905 1670 1016 1702 Crucis
1044 1675 1178 1711 gravato
1205 1672 1360 1712 pondere,

209 1714 309 1746 Cuius
335 1713 437 1746 fluunt
463 1720 608 1748 aromata
904 1718 1037 1759 Lugete‚
1065 1719 1141 1751 Sion
1166 1719 1262 1759 filiae,

204 1762 324 1794 Flante
350 1762 510 1803 aquilonis
537 1765 678 1798 turbine.
813 1799 819 1802 ,
903 1767 997 1801 Cladi
1025 1766 1155 1799 futurae
1181 1768 1350 1803 obnoxiae.

149 1850 180 1882 2.
206 1849 364 1882 Rubeseit
388 1851 474 1883 iacta
499 1851 635 1884 verbere
842 1857 873 1887 5.
902 1854 1016 1886 Crucis
1043 1854 1102 1886 sub
1129 1865 1187 1887 ara
1211 1856 1370 1899 residens,

206 1898 362 1931 Columna
389 1900 474 1932 caesi
503 1901 660 1944 corporis,
900 1903 991 1935 Evae
1017 1913 1162 1944 propago
1188 1905 1316 1947 veteris,

206 1947 290 1979 Nam
317 1948 408 1981 nulla
433 1959 510 1989 pars
536 1950 642 1990 plagis
669 1956 763 1983 vacat
901 1951 1010 1983 Guttis
1036 1951 1161 1992 profusi
1188 1953 1353 1992 sanguinis

201 1997 231 2028 A
257 1996 372 2037 planta
398 1998 440 2030 ad
466 2007 567 2039 usque
591 1999 755 2031 verticem.
899 2000 1062 2040 Absterge
1089 2001 1214 2040 lepram
1241 2002 1404 2041 germinis.

142 2083 174 2116 3.
203 2083 308 2124 Caput
334 2093 461 2117 sacrum
488 2089 601 2118 ornate
627 2087 722 2126 rosis,
841 2088 871 2119 6.
899 2087 1017 2125 Maria,
1044 2091 1148 2119 mater
1173 2089 1307 2128 gratiae,

201 2133 318 2166 Coetus
342 2134 428 2165 sacri
454 2134 581 2174 rosarii,
899 2134 1008 2167 Mater
1034 2136 1286 2178 misericordiae,

200 2181 293 2220 Quod
319 2181 439 2222 perfidi
465 2185 498 2214 et
522 2183 674 2223 sacrilegi
898 2183 948 2214 Tu
973 2193 1032 2216 nos
1059 2184 1099 2216 ab
1126 2185 1217 2216 hoste
1244 2190 1376 2226 protege

199 2229 308 2270 Spinis
335 2234 505 2263 cruentant
531 2232 656 2272 rigidis.
897 2231 941 2263 Et
966 2232 1046 2264 hora
1072 2233 1186 2264 mortis
1213 2234 1350 2274 suscipe.

552 2319 583 2351 7.
614 2317 728 2350 Gloria
753 2317 825 2361 tibi,
853 2318 1001 2351 Domine.

212 2403 334 2472 Assilfiph.
350 2414 403 2432 ms.
421 2405 450 2432 S.
469 2404 655 2433 Katharinae
668 2405 851 2433 Divoduren.
867 2414 943 2434 saec.
961 2404 1005 2433 14.
1020 2406 1090 2433 Cod.
1108 2416 1129 2434 s.
1153 2416 1180 2433 n.
1195 2407 1245 2437 (ol.
1262 2406 1317 2435 122
1332 2409 1390 2444 bis)
1407 2411 1472 2438 add.

132 2451 209 2472 saec.
272 2453 307 2472 ιε.
