1653 2656
191 411 219 441 1.

185 649 202 679 to

716 138 975 172 -306—

610 251 672 282 514.
715 251 755 280 De
775 251 884 280 sancto
905 247 1080 279 Vincentio.

707 319 756 346 Ad
786 319 981 354 voa-speras.

248 409 344 440 Novis
369 409 478 440 laudes
504 408 682 448 praeconiis

246 457 401 487 Decantet
423 465 505 487 nunc
531 455 677 493 ecclesia,

248 505 283 536 ln
310 505 457 543 martyris
484 504 617 534 victoria

246 552 346 591 Digna
372 552 478 582 colens
504 552 680 585 sollemnia.

245 649 355 679 Carnis
382 648 510 678 vincens
535 647 703 679 illecebras

244 696 427 726 Vincentius
451 695 586 726 viriliter

242 744 387 782 Flagella
414 748 527 774 cuncta
554 743 696 783 corporis

243 791 395 822 Sustinuit
422 792 582 825 alacriter.

185 888 215 919 3.
244 887 378 925 Ignitam
404 896 515 926 pyram
543 896 603 918 non
631 887 719 917 timet

238 935 409 973 Impositus
436 935 598 973 craticula,

241 982 337 1020 Quem
364 983 493 1021 spiritus
519 983 693 1022 paraclitus

241 1029 304 1060 Sua
331 1030 457 1061 fovebat
483 1031 597 1070 gratia.

241 1125 401 1156 Dacianus
425 1127 578 1157 attonitus

241 1173 360 1204 Videns
387 1178 449 1204 tam
477 1174 644 1209 mirabilia.

241 1220 359 1251 Tamen
387 1221 514 1261 maligni
542 1222 672 1260 spiritus

241 1267 312 1298 Non
339 1269 456 1299 deserit
484 1269 646 1308 obsequia.

872 410 905 439 5.
933 406 1056 445 Corpus
1083 405 1286 436 commissum
1312 403 1453 435 Domino

936 453 1007 485 Nou
1034 453 1133 485 audet
1158 453 1326 493 quisquam
1353 456 1496 493 tangere,

935 501 1060 541 Lupum
1087 510 1201 533 corvus
1228 501 1404 541 repudians

932 549 1062 589 Signum
1090 550 1289 581 demonstrat
1316 549 1451 589 gratiae.

871 648 902 679 6.
932 646 1088 678 'l‘errores
1114 651 1241 678 nostros
1269 646 1409 685 vincere,

928 694 1131 732 Christicola,
1161 695 1325 731 divinitus,

932 743 991 781 Qui
1018 751 1102 774 nunc
1129 743 1260 774 caelesti
1287 742 1391 782 gloria

930 791 1016 822 Tuus
1043 791 1184 822 exsultat
1210 791 1359 831 spiritus,

894 912 900 918 .
928 887 1045 919 Sancte
1072 888 1231 925 Vincenti,
1260 895 1463 926 quaesumus,

928 935 1070 966 Absolve
1096 940 1208 966 nostra
1236 935 1374 976 vincula,

927 983 969 1015 Ut
995 992 1176 1015 mereamur
1202 983 1297 1014 liberi

925 1031 1044 1062 Tecum
1071 1040 1140 1062 esse
1167 1033 1199 1063 in
1226 1032 1339 1072 gloria.

892 1153 898 1158 .
927 1127 976 1158 Sit
1002 1127 1139 1158 trinitati
1167 1128 1281 1167 gloria,

927 1175 1048 1211 Houor,
1077 1177 1187 1214 virtus,
1217 1176 1364 1212 victoria,

926 1224 1012 1262 Quae
1041 1223 1094 1254 dat
1123 1232 1272 1254 coronam
1299 1225 1434 1264 martyri

928 1271 965 1302 In
991 1271 1190 1302 saeculorum
1217 1272 1354 1303 saecula.

259 1363 366 1396 Hymn.
395 1372 446 1389 mS.
475 1366 494 1389 S'
524 1364 603 1389 Petri
630 1364 769 1398 Martyris
798 1366 914 1391 L'tineu.
945 1374 1020 1391 saec.
1051 1365 1092 1392 16.
1122 1367 1192 1393 eod.
1216 1366 1303 1393 civit.
1330 1368 1448 1395 Utinen.
1479 1377 1503 1394 s.

183 1410 210 1426 n.
233 1416 268 1419 —
290 1400 314 1429 5,
337 1400 353 1426 4
375 1402 583 1427 demonstrant.
607 1417 640 1420 —
663 1402 688 1431 6,
713 1401 730 1428 2
752 1402 936 1429 christicole.

604 1533 663 1563 515.
706 1533 745 1564 De
768 1536 875 1564 sancto
897 1534 1070 1566 Vincentio.

674 1603 725 1628 Ad
754 1604 778 1629 N
791 1608 991 1630 octurnuni.

209 1714 215 1721 .
242 1689 298 1719 Pia
323 1696 424 1719 mater
449 1690 594 1722 ecclesia.

243 1736 367 1775 Magnis
393 1738 504 1767 attolle
530 1738 677 1769 laudibus

243 1784 439 1823 Regnantem
467 1794 535 1816 cum
562 1786 695 1817 victoria

242 1832 343 1863 Victis
370 1833 478 1863 mundi
505 1834 676 1865 erroribus.

207 1952 214 1959 .
241 1927 396 1959 Doctrina
418 1929 540 1967 pollens
567 1930 691 1968 gemina

243 1975 361 2006 Christi
387 1977 477 2007 miles
504 1976 690 2008 Vincentius

241 2023 305 2054 Dat
331 2024 432 2054 sancti
458 2024 547 2055 verbi
573 2025 703 2062 semina,

241 2071 308 2109 Quo
335 2076 452 2110 pugnat
479 2073 524 2103 sic
550 2073 725 2104 ardentius.

242 2166 353 2197 Dirum
380 2168 541 2206 responsis
568 2168 705 2199 iudicem

241 2214 314 2245 Pius
340 2215 430 2245 miles
456 2216 653 2254 adgreditur,

242 2262 317 2302 Spei
343 2263 558 2294 conscendens
581 2264 714 2304 apicem,

241 2311 308 2350 Qua
337 2311 457 2342 caelum
483 2313 544 2343 iam
573 2312 804 2351 complectitur.

870 1696 900 1724 4.
932 1693 991 1723 Pro
1018 1694 1080 1725 tide
1107 1700 1169 1726 stat
1196 1697 1377 1737 intrepidus

930 1741 1032 1773 Multa
1054 1752 1166 1781 passus
1192 1745 1346 1788 ludibria,

930 1789 990 1820 Pro
1016 1800 1075 1829 qun
1103 1792 1147 1822 sic
1175 1793 1292 1825 ardens
1319 1793 1465 1828 fervidus

928 1837 1107 1870 Carbonum
1136 1839 1198 1872 fert
1224 1845 1409 1877 succendia.

893 1957 899 1964 .
927 1934 1022 1964 Crate
1049 1936 1206 1968 distentus
1234 1937 1340 1971 ferrea

924 1980 1107 2019 Tyrannum
1135 1985 1205 2016 risit
1233 1987 1376 2029 impium,

925 2028 1017 2060 Foris
1043 2031 1194 2064 labuntur
1221 2035 1356 2077 viscera,

927 2076 993 2107 Nec
1019 2082 1125 2111 tamen
1153 2080 1215 2113 fert
1244 2083 1461 2124 dispendium.

930 2173 1070 2214 Praesta,
1100 2176 1193 2210 beata
1218 2180 1358 2221 trinitas,

927 2221 968 2253 Ut
996 2223 1062 2255 eius
1089 2228 1326 2264 precaminibus

925 2269 1025 2302 Nobis
1052 2273 1145 2306 detur
1171 2278 1346 2310 amoenitas

925 2317 1000 2349 Cum
1027 2324 1173 2361 supernis
1200 2326 1391 2365 agminibus.

255 2406 362 2440 Hynin.
388 2415 440 2450 nis.
471 2407 499 2433 S.
527 2407 606 2434 Petri
634 2409 773 2443 Martyris
802 2411 920 2439 Utinen.
947 2423 1023 2442 saec.
1054 2416 1095 2445 16.
1124 2418 1193 2446 cod.
1217 2421 1307 2448 Civit.
1329 2423 1450 2452 Utinen.
1477 2436 1501 2455 s,

174 2454 201 2471 n.
224 2459 259 2462 —
284 2444 307 2474 l,
330 2443 348 2471 4
370 2445 493 2472 Vmctis.
522 2462 555 2465 —
578 2445 604 2478 5,
627 2444 644 2472 ‘2
665 2447 833 2481 Tyrannum
855 2454 955 2485 passit.
979 2468 1013 2472 —
1036 2454 1063 2487 6,
1085 2455 1102 2483 2
1124 2458 1165 2485 Ut
1186 2457 1385 2487 fioaminibus‚
