1653 2656
694 132 934 168 -33-

474 229 503 261 7.
533 228 667 261 Praesta
692 233 786 270 pater
811 239 870 270 per
893 229 1007 270 filium,

532 277 666 310 Praesta
692 286 751 318 per
776 278 895 310 almum
921 279 1081 320 spiritum,

532 326 653 366 Quibus
679 327 740 358 hoc
768 326 826 359 das
852 327 1004 365 edulium,

532 374 727 414 Prosperum
756 383 866 407 serves
892 376 1023 408 exitum.

220 468 304 495 Brev.
331 469 531 498 Belovaeense
562 471 632 506 imp.
660 471 788 498 Parisiis
822 470 904 499 1497.
930 472 964 499 A.
993 487 1028 492 —·
1057 473 1143 500 Brev.
1171 473 1370 500 Belovacense
1401 475 1474 510 imp.

141 505 267 533 Parisiis
290 505 375 535 1548.
399 509 429 534 B.
451 523 489 527 —
510 507 538 542 2,
559 508 577 536 3
597 517 686 545 quam
710 511 745 537 A.
770 527 802 530 —
825 510 851 543 3,
873 509 892 537 4
910 511 966 538 Per
986 519 1075 547 quam
1097 512 1130 538 B.
1152 525 1188 530 —
1210 510 1236 545 5,
1257 510 1275 539 3
1290 512 1337 539 Pii
1358 515 1387 539 et
1410 516 1469 540 tam

139 545 243 572 viatici
264 546 298 572 A.
320 559 357 564 —
379 545 405 582 7,
430 545 443 574 1
465 547 521 574 Per
541 551 655 584 patrem
677 552 706 576 et
730 558 782 585 per
803 550 835 576 B.

592 699 642 731 48.
684 700 726 731 De
746 700 880 741 Corpore
903 700 1030 732 Christi.

683 771 735 798 Ad
762 772 930 798 Primam.

142 846 173 879 1.
202 846 340 886 Christe,
369 847 566 880 mirabiliter
839 852 873 885 2.
898 850 948 882 De
973 860 1056 890 pane
1083 851 1167 882 vitae
1192 850 1288 883 refice

200 895 300 934 Quam
327 896 523 928 consecrasti
553 896 703 937 hostiam,
898 898 947 930 Tu
972 908 1028 930 nos
1056 899 1087 930 in
1115 899 1175 930 hoc
1201 900 1326 938 exsilio,

200 942 322 975 Offerre
348 942 401 975 fac
427 943 596 976 humiliter
897 947 981 985 Quos
1009 946 1122 987 dignos
1145 948 1208 980 rite
1234 946 1327 979 effice

200 991 237 1023 In
265 991 309 1022 tui
336 1001 394 1023 nos
420 992 620 1024 memoriam.
896 994 1036 1026 Caelesti
1062 1004 1119 1026 uos
1145 996 1301 1028 convivio.

510 1079 543 1111 3.
572 1078 656 1110 Laus
682 1078 753 1119 tibi,
781 1088 838 1111 rex
864 1079 1009 1123 mirifice,

570 1126 630 1165 Qui
656 1127 688 1158 in
715 1131 747 1158 te
772 1137 935 1168 nunquam
963 1128 1085 1170 deficis,

571 1175 778 1216 Impinguans
805 1185 862 1208 nos
889 1176 1037 1208 munifice

569 1223 616 1254 Te
641 1223 712 1264 ipso
739 1224 792 1264 pie
819 1223 936 1257 reficis.

211 1315 294 1344 Orat.
316 1326 371 1345 ms.
392 1326 468 1346 saec.
494 1317 539 1346 15.
563 1318 632 1346 Cod.
654 1320 802 1347 Labacen.
824 1319 870 1347 45.
893 1335 929 1339 -
952 1318 978 1353 l,
1002 1320 1014 1348 1
1038 1323 1106 1349 Lies
1128 1323 1152 1349 O
1174 1322 1288 1350 Christe
1310 1323 1379 1351 oder
1400 1325 1464 1352 Rex

132 1354 269 1383 Christe?
291 1371 329 1376 —
348 1358 410 1384 Aus
433 1358 529 1384 einem
554 1358 678 1391 Rursus,
701 1358 806 1386 dessen
828 1360 931 1395 iibrige
952 1361 1091 1395 Hymnen
1111 1361 1177 1388 dem
1192 1361 1327 1389 Officium
1348 1363 1399 1390 des
1423 1364 1463 1390 hl.

131 1393 262 1421 Thomos
283 1394 416 1431 Aquinas
438 1396 576 1424 entlehnt
596 1397 670 1424 sind.

576 1549 626 1580 49.
667 1549 709 1580 De
734 1549 868 1590 Corpore
892 1550 1017 1582 Christi.

686 1620 738 1648 Ad
759 1621 786 1649 N
796 1630 909 1648 onam.

131 1693 162 1727 1.
190 1693 216 1727 Ο
242 1695 398 1728 salutaris
424 1696 539 1738 hostia,
826 1699 857 1735 2.
885 1700 964 1741 Nos,
991 1710 1107 1732 manna
1131 1710 1251 1744 verum,
1277 1704 1419 1735 suaviter

190 1743 278 1783 Quae
304 1744 383 1776 caeli
410 1746 527 1785 pandis
550 1747 678 1787 ostium,
884 1749 921 1780 In
948 1749 1007 1780 hac
1033 1749 1119 1781 nutri
1146 1750 1287 1793 miseria,

188 1791 278 1823 Bella
306 1798 459 1833 premunt
486 1794 616 1827 hostilia
886 1797 922 1828 In
952 1798 1059 1837 patria
1086 1799 1272 1837 perenuiter

192 1839 243 1872 Da
268 1841 368 1873 robur
392 1840 442 1874 fer
466 1843 631 1877 auxilium.
886 1845 954 1878 Tuo
982 1846 1114 1878 dulcore
1139 1848 1232 1879 satia.

518 1932 549 1965 3.
576 1932 662 1964 Laus
689 1932 759 1971 tibi,
787 1942 845 1965 rex
868 1933 1014 1970 mirifice,

205 2023 287 2052 Orat.
316 2035 369 2053 ms.
390 2035 467 2054 saec.
491 2026 535 2055 15.
558 2027 628 2055 Cod.
651 2029 800 2057 Labacen.
822 2027 867 2056 45.
889 2045 925 2048 —
947 2030 1014 2066 Vgl.
1037 2030 1089 2057 das
1112 2039 1177 2057 zum
1198 2030 1457 2066 vorhergehenden

126 2060 219 2091 Liede
239 2065 405 2093 Bemerkte.

572 2171 622 2203 50.
663 2171 706 2203 De
729 2172 862 2213 corpore
886 2172 1012 2204 Christi.

600 2233 652 2260 Ad
679 2234 724 2261 Pr
735 2242 816 2261 oces
831 2235 985 2261 sionem.

316 2309 423 2350 Salve,
451 2309 536 2343 festa
563 2311 643 2350 dies,
671 2315 739 2344 toto
766 2311 961 2344 venerabilis
987 2321 1077 2353 aevo,

364 2360 434 2400 Qua
458 2368 542 2392 nova
569 2361 626 2393 dat
652 2360 799 2393 Christus
826 2369 959 2392 munera
986 2361 1191 2396 christicolis.

317 2407 406 2441 Cena
430 2408 577 2449 paschali
603 2409 667 2441 ritu
688 2409 797 2449 typico
824 2409 988 2441 celebrata

365 2456 494 2497 Agnum
520 2466 555 2489 se
580 2466 691 2489 verum
719 2457 800 2490 dans
825 2461 969 2490 removet
995 2458 1149 2499 typicum.

178 2512 324 2544 Drevos,
341 2515 447 2545 Hymni
463 2515 578 2540 Inediti.
610 2516 672 2539 Vll.
1263 2515 1280 2545 3
