1653 2656
687 138 944 174 —228—

483 279 547 311 379.
589 281 630 311 De
652 288 676 310 s.
697 279 879 310 Marcellino
899 278 1127 310 Ebu-eclanensi.

676 341 690 367 1
698 349 717 367 n
744 341 768 367 L
776 348 793 366 a
801 349 820 366 u
826 339 844 366 d
851 341 861 366 i
869 340 886 366 b
894 349 912 367 u
919 349 942 367 s.

393 421 423 451 1.
451 418 615 450 Laudibus
643 418 724 449 diem
753 426 939 449 veneremur
963 418 1067 457 illum,

450 467 516 504 Quo
543 466 751 499 Marcellinus
777 466 911 497 nexibus
937 466 1051 498 solutis

450 513 600 553 Corporis
626 514 710 545 inter
734 513 850 544 meruit
876 514 1025 545 concives

551 561 664 592 Vivere
691 561 781 594 caeli.

391 650 409 679 ¹3

415 673 423 681 ·

448 647 572 679 Morbis
597 655 768 686 oppressos
795 647 892 678 variis
918 646 1036 679 oblitos

451 695 595 726 Vidimus
619 704 789 734 nunquam,
817 703 941 726 sacrum
967 695 1020 734 qui
1046 695 1087 727 ad
1114 697 1181 727 eius

450 743 553 774 Prona
579 746 772 774 concurrunt
798 742 967 774 Dominum
988 744 1151 782 precando

550 790 718 822 Tumulum
745 793 860 822 mente.

389 877 420 909 3.
449 876 566 908 Urbem
592 875 754 907 obsessam
780 876 887 907 hostes
914 876 1142 917 derelinquunt

449 925 549 956 Cruce
576 923 701 955 vibrata
727 924 815 955 caelo
840 924 1016 964 perterriti,

445 972 534 1010 Quod
560 981 673 1010 preces
699 970 790 1002 fusae
816 972 935 1013 templo
965 972 1147 1004 Marcellini

547 1019 768 1051 Obtinuerunt.

392 1106 423 1136 4.
449 1104 559 1135 Oleum
586 1114 716 1135 manans
742 1104 834 1135 huius
859 1104 965 1136 tumba
992 1106 1053 1136 viri

451 1152 595 1182 Mortuos
624 1151 690 1182 fere
717 1156 746 1182 et
772 1152 880 1183 aridas
907 1162 1030 1192 manus,

452 1199 572 1232 Urbem
599 1198 750 1230 infectam
777 1204 900 1231 constat
926 1201 1055 1232 sanitati

550 1247 752 1280 Restituisse.

390 1335 420 1364 5.
449 1331 621 1362 ('riminum
649 1330 731 1362 forte
756 1331 860 1372 plebis
885 1332 1049 1363 Ebreduni

450 1379 610 1409 Feruntur
631 1388 725 1410 causa
753 1380 911 1418 incognita
937 1381 1043 1411 multis

449 1426 605 1465 Tempore
632 1427 725 1466 longo
751 1427 907 1466 praesulis
935 1428 1034 1458 divini

549 1473 630 1505 Ossa
657 1473 765 1506 fuisse.

392 1561 422 1591 6.
452 1559 513 1590 Sed
542 1560 669 1590 tandem
696 1561 812 1591 nostris
837 1561 964 1592 inventa
992 1561 1102 1593 diebus

450 1607 577 1638 Summa
604 1616 672 1638 Cum
700 1608 794 1639 laude
821 1617 1005 1640 veneremur
1029 1610 1096 1651 illa,

450 1655 494 1687 Ut
520 1654 606 1686 Deus
633 1661 757 1686 nostros
784 1656 953 1687 miseratus
979 1666 1086 1688 omnes

550 1702 650 1734 Pellat
679 1708 794 1734 reatus.

391 1787 420 1821 7,
446 1788 530 1818 Laus
556 1787 622 1819 Deo
648 1788 732 1827 patri
757 1789 934 1830 genitoque,
962 1790 1054 1821 simul

449 1836 581 1874 Spiritui
608 1840 717 1866 sancto
743 1836 784 1866 sit
811 1836 910 1867 honor
937 1839 1095 1876 perennis.

445 1884 504 1923 Qui
531 1884 595 1922 poli
621 1893 741 1915 summa
767 1884 885 1915 residet
912 1885 944 1916 in
969 1886 1041 1917 aula

545 1931 661 1962 Trinus
688 1937 717 1962 et
743 1941 834 1963 unus.

228 2018 311 2044 BreV.
333 2015 543 2043 Ebredunense
564 2017 633 2050 imp.
656 2016 793 2051 Lugduni
818 2014 897 2043 1520.

570 2157 638 2188 380.
679 2157 720 2188 De
743 2159 850 2188 sancto
872 2158 1039 2189 Marciano.

660 2213 711 2240 Ad
739 2214 947 2249 Vesperum.

151 2290 181 2322 1.
209 2290 307 2329 Audi,
333 2290 463 2330 praesul
492 2291 666 2332 Marciano,
835 2293 866 2324 2.
894 2291 1013 2323 Truces
1038 2294 1140 2326 minas
1167 2295 1343 2336 despexisti

207 2339 335 2378 Martyr
358 2339 576 2378 invictissime,
895 2340 1067 2380 Tamquam
1096 2352 1177 2375 vana
1202 2345 1323 2388 nubila,

206 2387 289 2426 Quas
315 2387 348 2418 in
374 2392 429 2418 tua
454 2390 603 2426 promunt
629 2387 724 2418 laude
896 2389 1109 2428 Praeparaius
1135 2393 1174 2424 ad
1203 2397 1363 2427 tormenta

205 2435 307 2466 Voces
333 2435 378 2466 tui
405 2435 566 2467 vernulae.
894 2437 1059 2476 Quaelibet
1087 2441 1240 2476 crudelia.
