1653 2656
699 127 938 163 -91-

436 231 467 264 7.
494 229 590 271 Hinc,
618 227 672 268 pia
696 229 800 258 mater
824 224 1008 263 athletaque
1035 220 1142 260 fortis,

496 277 680 317 Comprime
705 277 833 306 nostros
859 270 1061 312 perlubricos
1088 271 1192 306 actus,

494 326 538 357 Et
564 329 618 356 tua
644 331 741 364 prece
768 322 863 363 digne
890 319 1087 352 celebremus

595 373 690 406 Alma
717 375 861 411 tropaea.

442 467 474 498 8.
503 465 617 498 Gloria
642 463 728 505 patri
755 462 944 503 genitaeque
971 458 1054 499 proli

499 514 541 545 Et
568 513 640 553 tibi,
667 520 799 551 compar
824 510 992 548 utriusque
1019 514 1146 545 semper

501 561 643 602 Spiritus
668 560 762 599 alme,
790 559 878 590 Deus
903 565 994 596 unus,
1022 555 1106 586 omni

600 609 759 648 Tempore
786 605 897 638 saecli.

238 705 324 731 Brev.
342 701 587 730 Autisiodorense
603 701 672 735 imp.
688 697 872 726 Autisiodori
891 693 972 723 1580.
1006 695 1123 721 Daraus
1141 691 1252 722 Weale,
1272 690 1313 716 Le
1330 686 1437 715 Beffroi
1450 685 1492 713 lv

160 739 396 818 nggitigesQuffil'Lss)
425 750 451 776 p.
481 738 526 767 39.
549 749 577 766 u.
602 739 620 765 f.
662 739 722 765 Der
749 737 885 771 Hymnus
913 735 951 760 ist
979 729 1240 767 augenscheinlich
1269 728 1344 754 alter
1374 726 1417 752 als
1445 725 1493 751 die

601 891 663 922 150.
706 889 747 920 De
770 888 882 918 sancta
903 885 1057 916 Barbara.

172 986 202 1019 1.
230 984 421 1018 Gratuletur
446 982 507 1014 hac
532 981 563 1012 in
593 981 644 1013 die
863 978 894 1010 3.
922 975 1011 1007 Haec
1051 973 1111 1004 diis
1146 979 1301 1011 spernens
1328 967 1496 998 immolare

277 1032 435 1065 Genetrix
464 1030 612 1067 ecclesia,
973 1023 1152 1054 Laceratur
1179 1018 1312 1049 verbere

228 1081 356 1114 Laudes
379 1082 508 1120 promat
531 1076 718 1109 harmoniae
925 1071 968 1103 Et
995 1070 1106 1102 nolens
1132 1065 1353 1098 obsecundare

272 1130 316 1162 Et
342 1128 454 1169 hymni
480 1125 621 1157 melodia
976 1117 1145 1150 Clauditur
1170 1115 1201 1146 in
1230 1121 1370 1149 carcere,

229 1179 266 1210 In
294 1182 421 1209 cantum
448 1177 641 1215 prorumpat
667 1172 719 1212 pie
926 1168 962 1199 In
981 1176 1043 1207 quo
1058 1165 1206 1199 Christus
1219 1160 1393 1203 splendens
1411 1158 1501 1189 clare

275 1226 329 1258 Ad
356 1224 523 1257 Barbarae
550 1221 729 1254 sollemnia.
974 1215 1069 1247 Hanc
1095 1212 1218 1244 solatur
1244 1209 1383 1241 numine.

171 1321 202 1353 2.
230 1319 297 1351 Ista
323 1327 382 1358 pro
410 1315 531 1348 Christi
558 1321 667 1345 amore
867 1309 900 1340 4.
929 1307 1013 1339 Hinc
1038 1303 1182 1336 mamilla
1210 1300 1383 1333 demolitur

281 1365 436 1406 Flagellis
464 1362 645 1395 concutitur
978 1356 1139 1392 Vesteque
1166 1350 1305 1389 exuitur,

230 1415 274 1447 Et
299 1415 332 1446 in
360 1416 431 1446 arta
458 1421 528 1443 cum
555 1409 666 1443 furore
930 1403 994 1435 Sed
1018 1413 1037 1434 a
1064 1401 1192 1433 Christo
1220 1396 1401 1429 custoditur

285 1462 412 1495 Cellula
439 1459 633 1498 detruditur,
977 1451 1020 1482 Et
1047 1458 1118 1481 cum
1145 1448 1228 1480 stola
1255 1447 1385 1485 tegitur,

234 1512 318 1545 Hinc
346 1519 454 1542 coram
480 1506 647 1548 praefecto
674 1512 762 1536 more
929 1500 1015 1532 Hinc
1044 1497 1234 1533 decollatur,
1262 1494 1398 1525 moritur

283 1560 355 1592 Diis
381 1558 486 1590 libare
512 1554 722 1596 praecipitur.
979 1548 1022 1580 Et
1047 1547 1089 1578 ad
1117 1545 1222 1577 caelos
1248 1541 1446 1574 subvehitur.

621 1645 653 1680 5.
681 1642 829 1677 Genitori
857 1641 1038 1682 genitoque.

253 1743 334 1771 Orat.
357 1749 410 1768 ms.
434 1741 598 1775 Campense
620 1739 690 1765 anni
715 1734 796 1764 1462.
819 1735 891 1762 Cod.
914 1731 1133 1761 Darmstadieu.
1155 1724 1229 1763 5214
1252 1727 1347 1761 „Nota
1369 1727 1411 1750 est
1435 1724 1510 1749 sicut

175 1790 296 1818 pange
319 1777 477 1815 lingua-‘⁶'
502 1793 538 1797 —
553 1776 579 1808 3,
596 1776 613 1804 6
634 1778 704 1814 Lies
724 1774 905 1803 munimine?
941 1772 981 1799 Es
1004 1771 1055 1797 hat
1070 1767 1200 1795 niimlich
1217 1769 1299 1793 sonst
1309 1764 1377 1800 jede
1393 1762 1511 1789 secliste

175 1821 256 1849 Zeile
278 1820 329 1847 des
353 1819 460 1846 Liedes
482 1819 549 1845 eine
571 1814 652 1843 Silbe
674 1813 867 1843 Uberschuss.

624 1979 677 2010 151.
722 1977 762 2007 De
784 1976 893 2007 sancto
918 1971 1073 2004 Barnaba.

182 2078 211 2109 1.
238 2073 418 2108 Mediolani
445 2072 571 2112 civitas,
878 2066 909 2098 3.
939 2063 1001 2095 Hic
1027 2061 1186 2100 adpetens
1213 2056 1365 2089 caelestia

240 2125 311 2164 Age
338 2121 458 2154 festiva
483 2119 612 2161 gaudia,
939 2112 1150 2149 Contemptor
1176 2105 1351 2138 visibilium

241 2171 386 2206 Pastoris
414 2170 459 2202 tui
486 2167 656 2201 Barnabae
940 2159 993 2192 Ad
1021 2157 1122 2199 pedes
1149 2154 1344 2195 apostolicos

242 2221 351 2261 Pange
377 2219 461 2251 mira
487 2216 670 2258 praeconia.
940 2208 1019 2248 Agri
1048 2204 1181 2246 deponit
1207 2202 1357 2244 pretium.

183 2315 216 2348 2.
243 2313 303 2354 Qui
329 2311 390 2344 tibi
416 2313 548 2343 sanctae
573 2307 651 2340 fidei
882 2303 914 2334 4.
941 2300 1005 2333 Hic
1033 2299 1146 2339 plenus
1173 2295 1277 2327 sancti
1303 2295 1437 2335 spiritus

246 2362 373 2395 Primus
400 2358 515 2401 pandit
542 2355 670 2397 eloquia
944 2347 1084 2380 Verbum
1111 2346 1143 2377 in
1172 2344 1346 2377 Antiochia

242 2410 449 2449 Honorisque
475 2404 666 2446 metropolis
943 2395 1064 2431 Christi
1091 2396 1278 2426 constanter
1304 2390 1474 2432 praedicat

241 2459 318 2492 Tibi
344 2456 471 2490 confert
495 2453 647 2495 insignia.
945 2446 988 2478 Et
1013 2445 1046 2477 in
1074 2444 1219 2476 Romana
1244 2441 1360 2483 patria.
