1653 2656
111 215 144 248 3.

111 449 143 481 4.

118 948 148 980 1.

119 1180 137 1211 [9

112 2203 142 2235 1.

661 116 898 152 -97-

170 212 251 245 Cum
279 214 379 245 simus
405 213 458 245 hic
484 214 669 256 carnaliter,

174 261 294 294 Hostes
320 262 512 302 impugnant
536 262 690 304 graviter,

174 309 240 342 Fer
264 314 320 342 tua
345 318 442 350 prece
468 310 586 350 iugiter

175 358 276 399 Opem
305 358 573 392 misericorditer.

169 446 215 478 Et
241 455 321 486 quos
345 445 380 477 in
405 445 467 477 hoc
493 445 591 478 exilio

169 494 267 527 Aeris
296 497 391 525 vexat
416 492 562 533 afflictio,

171 543 242 574 Tua
267 544 381 574 sancta
409 542 555 582 precatio

171 591 298 623 Firmet
323 594 356 621 et
381 590 573 622 consolacio.

810 215 843 247 5.
870 214 934 246 Per
958 212 1052 244 huius
1079 211 1183 244 sancii
1209 211 1336 248 merita,

870 261 1009 300 Christe,
1037 259 1164 292 remitte
1187 259 1298 290 debita

870 309 914 342 Et
939 312 1012 350 post
1038 309 1123 340 vitae
1150 307 1312 338 curricula

874 358 939 390 Des
965 356 1058 388 nobis
1085 356 1169 388 alma
1195 355 1324 396 gaudia.

834 470 841 477 .
869 444 992 485 Honor,
1018 443 1118 475 virtus
1144 446 1174 474 et
1202 442 1314 482 gloria,

870 492 974 531 Salus,
1002 491 1115 530 honor,
1147 490 1291 531 potentia

869 541 970 582 Patri,
998 544 1084 578 nato,
1112 539 1270 579 paraclito

871 589 919 621 Sit
945 597 1004 628 per
1030 591 1161 619 aeterna
1187 586 1324 619 saecula.

191 676 314 704 Collect.
344 684 397 703 ms.
427 676 633 703 Vadstenense
661 684 736 703 ¹saec.
770 674 812 702 15.
843 675 913 702 Cod.
940 674 1082 710 Upsalen.
1110 674 1142 701 C.
1170 671 1214 700 23.
1239 687 1277 690 —
1297 671 1323 704 2,
1352 671 1369 699 4
1399 681 1448 698 ex-

115 716 233 752 temp10.
260 731 294 734 —
319 715 405 742 Mei:
434 714 494 741 Fit
523 717 631 750 porta
660 714 806 741 Christi
836 714 974 749 pervia.

550 861 606 892 161.
648 861 690 893 De
712 861 820 892 sancto
842 859 1014 890 Bernardo.

177 945 265 978 Almi
290 943 452 976 Bernardi
479 943 622 975 canimus

177 993 389 1027 Praeconium
416 991 635 1023 dulcissimum

178 1042 382 1081 Abbatisque
408 1040 528 1076 eximii,

176 1091 354 1123 Laetantur
380 1097 490 1120 omnes
516 1087 674 1119 monachi.

143 1204 150 1210 .
178 1177 343 1210 Adulatur
369 1175 444 1207 huic
471 1174 606 1206 daemon

180 1227 241 1259 Per
267 1224 412 1257 luxurias
439 1232 566 1264 capere,

177 1274 242 1306 Sed
269 1273 426 1314 evigilans
450 1271 637 1304 Bernardus

177 1322 301 1355 Sternit
326 1321 419 1352 huius
446 1319 621 1352 fallaciam.

177 1408 315 1440 Deditus
341 1408 395 1439 hic
421 1407 539 1447 vigiliis

177 1456 375 1491 Comedebat
401 1465 495 1496 quam
523 1454 638 1493 rarius,

180 1506 292 1538 Potum
319 1514 484 1536 assumens
512 1512 551 1535 ex
578 1502 669 1543 aquis

175 1553 381 1594 Paupertatis
406 1553 437 1584 in
461 1552 617 1584 vestibus.

813 944 843 974 4.
873 941 963 973 Clam
990 939 1141 980 portabat
1169 940 1307 970 cilicium

870 989 1075 1030 Eligiturque
1101 986 1258 1027 pontifex,

872 1037 1070 1077 Dignitatem
1098 1036 1181 1067 hane
1208 1044 1344 1066 renuens

872 1085 1005 1117 Curavit
1033 1085 1284 1116 daemoniacam.

838 1197 844 1204 .
873 1171 906 1203 Si
934 1171 1069 1211 inquiris
1096 1169 1262 1207 miracula,

873 1221 1046 1252 Innumera
1072 1218 1225 1258 reperies,

874 1270 980 1308 Atque
1007 1270 1134 1299 centum
1159 1266 1328 1305 sexaginta

873 1316 1064 1349 Construxit
1095 1314 1301 1347 monasteria.

837 1431 843 1438 .
871 1403 957 1435 Huic
981 1403 1110 1434 innatus
1139 1402 1280 1433 calamus

873 1451 1060 1492 Composuit
1091 1450 1252 1482 volumina

871 1500 995 1532 Multos
1024 1500 1176 1538 divosque
1203 1500 1372 1538 tractatus,

872 1548 1030 1589 Egregius
1057 1547 1275 1588 praedicator.

478 1640 508 1673 7‘.
537 1637 743 1677 Consumptis
770 1637 855 1669 vitae
884 1635 996 1667 diebus

537 1687 614 1719 Tria
642 1687 736 1718 docet
763 1685 982 1717 observanda:

537 1735 662 1768 Caritas
690 1739 721 1766 et
747 1734 923 1775 humilitas,

535 1784 690 1816 Omnibus
717 1782 884 1824 patientia.

194 1873 279 1900 Brev.
302 1881 356 1899 ms.
377 1872 608 1899 Ambrosianum
632 1879 708 1897 saec.
733 1868 776 1896 15.
799 1868 871 1896 Cod.
892 1869 1031 1904 Borgiau.
1055 1868 1085 1895 M
1101 1868 1139 1901 11,
1161 1864 1209 1892 20.
1223 1880 1259 1884 —
1287 1864 1313 1896 3,
1336 1863 1354 1892 4
1376 1865 1448 1891 Pau-

110 1916 220 1946 pertas.
242 1927 279 1931 —
302 1912 423 1939 Doxol.:
446 1911 550 1939 Gloria
576 1910 641 1942 tibi,
663 1909 800 1936 Domine.

493 2058 555 2090 162.
599 2057 641 2088 De
664 2065 687 2087 s.
709 2054 872 2087 Bernardo
893 2053 1068 2085 Menthono.

628 2118 669 2145 In
700 2116 726 2145 2.
753 2117 948 2152 Vesperis.

172 2201 292 2241 Pange,
325 2200 445 2243 lingua,
474 2198 590 2231 festum
618 2198 739 2230 nardus

223 2249 359 2289 Semper
385 2247 550 2280 odorifera

171 2297 312 2330 Sanctus
339 2296 432 2329 nobis
460 2297 515 2329 det
542 2295 731 2328 Bernardus

223 2347 266 2379 Et
292 2345 448 2387 pigmenti
475 2340 618 2385 munera,

171 2396 272 2429 Cuius
297 2394 393 2427 labor
418 2402 582 2434 nunquam
606 2391 720 2424 tardus

222 2445 277 2477 Ad
304 2444 460 2475 virtutum
487 2450 597 2482 opera.

172 2504 316 2531 Dreves,
334 2502 438 2531 Hymni
456 2501 570 2524 Inediti.
603 2499 665 2522 VII.

813 2197 845 2229 2.
874 2195 936 2226 Hic
963 2192 1138 2227 confessor,
1167 2193 1355 2231 procreatus

921 2241 1031 2274 Nobili
1058 2241 1222 2281 prosapia,

873 2290 1070 2331 Augustensi
1097 2289 1267 2320 decoratus

923 2339 999 2372 Fuit
1025 2338 1055 2370 in
1085 2337 1222 2369 ecclesia

873 2388 917 2420 Et
942 2387 1224 2419 archidiaconatus

925 2436 1021 2468 Rexit
1047 2435 1100 2467 hic
1126 2433 1245 2469 officia.

1259 2490 1274 2519 7
