1653 2656
11 93 42 103 Α·

680 126 728 132 -
777 106 823 142 83
873 125 915 130 .-

129 209 166 243 3.
192 208 292 242 Soror
317 206 378 241 fuit
404 206 584 238 clarissima
829 207 860 239 5.
888 203 992 236 Huius
1018 205 1144 234 sacrato
1171 209 1306 242 corpore

193 255 288 297 Apri,
315 255 419 287 sancti
445 254 611 294 antistitis,
890 251 979 283 Haec
1006 251 1127 282 ditatur
1153 249 1300 283 ecclesia,

193 305 245 338 Ex
269 303 446 336 'rx-ecorum
473 301 597 334 familia
889 300 976 339 Ergo
1002 308 1062 339 pro
1088 298 1145 329 tali
1171 297 1306 338 pignore

195 351 396 386 Excellentis
422 350 622 391 propaginis.
891 347 960 380 Deo
986 346 1142 379 reddatur
1168 346 1281 385 gratia.

132 452 168 485 4.
193 450 283 483 Haec
312 448 375 480 duo
402 447 573 479 luminaria
833 446 864 477 6.
891 443 975 476 Hine
1001 441 1177 479 Geminius,
1206 444 1317 480 pastor
1342 440 1442 479 mitis,

197 499 248 531 Ex
276 497 390 529 eadem
417 495 580 535 prosapia,
891 491 1062 524 Exaltetur
1089 499 1158 521 cuin
1187 488 1348 527 laudibus,

195 547 287 586 Aper
314 549 411 584 atque
437 543 583 583 Apronia
893 540 990 572 Cuius
1017 547 1115 579 opera
1142 537 1318 578 praeclaris

197 595 355 627 Relucent
381 593 467 624 inter
493 591 611 624 sidera.
894 588 1076 620 Decoratur
1102 585 1297 617 muneribus.

504 689 536 721 7.
564 687 692 719 Summo
720 686 804 727 patri
832 685 874 717 sit
900 685 1003 725 gloria

561 736 703 775 Eiusque
729 735 788 766 soli
815 734 932 774 genito,

562 784 680 816 Sancto
706 791 831 823 quoque
857 782 899 812 sit
925 780 1046 812 flamini

562 832 752 872 Coaequalis
779 830 934 862 laudatio.

215 933 303 960 Brev.
327 930 469 958 Tullense
491 930 561 964 imp.
584 927 765 962 Mussiponti
789 923 871 952 1595.

573 1088 634 1119 134.
676 1087 718 1117 De
741 1088 848 1118 sancto
871 1083 1044 1123 Armagilo.

691 1159 741 1186 Ad
771 1158 926 1186 Laudes.

144 1255 176 1288 1.
203 1253 394 1288 Exaltemus
422 1251 598 1283 exaltatum
838 1250 870 1279 4.
898 1245 1017 1277 Hostes
1044 1247 1170 1274 nostros
1197 1241 1249 1281 qui
1281 1239 1456 1271 confundit

254 1302 290 1333 In
317 1309 468 1342 supremo
495 1299 643 1338 culmine,
950 1293 1051 1325 Huius
1078 1290 1182 1322 sancti
1210 1290 1323 1320 merito

202 1351 400 1382 Veneremur
427 1351 612 1380 veneratum
899 1342 942 1374 Et
969 1342 999 1372 in
1028 1339 1118 1371 nobis
1145 1339 1190 1370 sie
1217 1336 1368 1368 infundat

253 1398 295 1430 Et
323 1398 440 1430 devoto
467 1396 618 1431 carmine,
949 1389 1105 1426 Gratiam,
1134 1391 1167 1418 ut
1194 1386 1308 1417 merito

204 1447 274 1479 Deo
303 1446 424 1483 datum,
452 1444 700 1484 praesignatum,
901 1437 1071 1477 Stipendia
1098 1444 1276 1466 mereamur

256 1495 300 1528 Ut
326 1497 418 1535 patet
444 1502 482 1524 ex
508 1492 647 1524 nomine.
951 1486 1038 1518 Caeli
1067 1493 1135 1515 cuni
1164 1483 1308 1514 emerito.

144 1594 180 1627 2.
208 1591 395 1631 Armagilus
422 1599 512 1621 arma
538 1597 652 1628 gerens
843 1588 875 1618 5.
904 1584 960 1617 Cui
986 1586 1119 1613 mortem
1147 1579 1305 1611 nuntiavit

257 1640 472 1679 Nuneupatur
498 1637 640 1677 proprie,
952 1632 1020 1663 Rex
1048 1629 1194 1661 caelestis
1222 1627 1358 1667 patriae,

205 1690 236 1721 A
264 1689 430 1728 primaevo
457 1687 523 1727 regi
552 1686 686 1716 haerens
904 1680 998 1712 Hune
1024 1678 1153 1717 amavit,
1182 1677 1265 1707 huno
1291 1674 1420 1706 ornavit

257 1737 415 1770 Caelestis
442 1734 587 1773 militiae⁷
952 1728 1041 1760 stola
1069 1735 1144 1758 suae
1171 1725 1292 1765 gloriae

207 1786 305 1818 Miles
333 1793 408 1816 acer
434 1792 560 1823 semper
587 1790 701 1822 gerens
904 1778 946 1809 Et
973 1776 1013 1807 ad
1041 1779 1166 1815 portam
1193 1772 1358 1804 coronavit

257 1836 359 1866 Arma
386 1832 613 1873 paenitentiae.
956 1823 1103 1857 Paradisi
1129 1822 1236 1853 hodie.

147 1933 181 1965 3.
207 1931 255 1963 Te
282 1939 441 1971 rogamuS‚
470 1938 558 1960 arma
585 1935 659 1967 gere
845 1925 876 1957 6.
906 1923 968 1954 Pro
997 1920 1126 1952 concive
1154 1922 1200 1949 est
1228 1917 1350 1947 laetata

259 1980 295 2012 In
324 1987 491 2010 occursum
519 1976 670 2016 hostium,
954 1970 1036 2002 Tota
1063 1966 1142 1999 caeli
1171 1966 1270 2006 curia,

210 2028 277 2060 Nos
305 2031 458 2059 vexantes
486 2026 594 2057 hostes
621 2028 700 2061 tere,
907 2019 1003 2051 Cuius
1030 2021 1132 2048 morte
1160 2014 1306 2046 desolat-„1

257 2077 316 2117 Tu,
345 2079 489 2108 nostrum
515 2073 726 2114 praesidium,
955 2067 1063 2098 Doluit
1096 2063 1274 2098 Britannia,

207 2126 245 2157 ln
273 2133 459 2156 succursum
486 2123 579 2155 nobis
606 2129 723 2162 quaere
908 2118 983 2149 Post
1009 2115 1151 2145 dolorem
1179 2110 1347 2142 consola-a

258 2175 375 2212 lesum,
401 2173 461 2204 Dei
488 2171 599 2203 filium.
962 2165 1021 2195 Pro
1049 2162 1149 2202 ipsius
1176 2159 1289 2200 gloria.

507 2270 537 2302 7.
565 2268 694 2300 Summo
721 2265 787 2305 regi
815 2263 929 2295 laudas
958 2261 1079 2292 (lenius.

228 2368 313 2395 Brev.
342 2376 395 2393 ms.
426 2365 601 2393 Redonense
630 2371 707 2390 saec.
738 2360 780 2388 15*
809 2359 881 2386 Cod.
910 2358 1046 2384 Vatican.
1074 2354 1173 2381 ottob.
1205 2350 1270 2379 3425.
1292 2365 1329 2369 —
1350 2348 1383 2383 3,
1411 2349 1430 2378 5
1451 2351 1487 2377 In

150 2416 268 2434 sursum
298 2407 396 2433 nobis.
418 2420 457 2424 —
479 2403 510 2432 5.
541 2403 559 2431 5
587 2412 630 2438 sq.
672 2402 712 2429 Et
741 2399 776 2426 ad
800 2402 913 2435 portani
937 2395 1068 2432 paradisi
1093 2393 1256 2419 coronavit.
1280 2405 1316 2408 —
1338 2388 1370 2423 6,
1402 2389 1415 2416 1
1440 2393 1486 2416 est
1533 2423 1535 2425 v

146 2445 234 2474 fehlt.
257 2461 295 2465 —
319 2446 384 2473 Den
406 2445 544 2479 Hymnus
567 2441 604 2470 ad
626 2442 715 2475 Vesp.
738 2439 818 2466 siche
841 2437 926 2464 Anal.
950 2436 1030 2465 xlx,
1054 2432 1088 2460 71
1112 2442 1154 2465 sq.

1268 2478 1309 2505 6*
