1653 2656
691 132 958 168 —199—

551 224 618 256 335.
660 226 702 257 De
724 234 748 257 s.
772 226 909 258 Iohanne
931 226 1102 267 Spoletino.

691 277 743 305 Ad
771 278 972 314 Vesperas.

162 344 193 376 1.
222 335 424 377 collaetetur
450 346 587 378 ecclesia

225 393 376 426 Laudans
401 394 581 434 principem
608 395 741 435 gloriae,

223 441 451 474 Beneventana
476 443 584 483 patria

220 490 326 530 Magis
354 491 496 522 exsultet
520 491 626 524 hodie.

158 568 190 600 2.
218 566 268 598 De
297 567 421 607 Spoleti
448 569 616 608 provincia

223 616 360 648 Sanctus
386 617 544 648 Iohannes
577 617 701 654 micuit,

219 663 319 702 Quem
347 665 546 706 sempiterna
572 666 686 705 gloria,

220 711 378 744 Caelestis
405 713 474 745 vita
501 713 619 746 decuit.

158 791 190 821 3.
220 789 258 821 In
284 790 393 830 Apicii
426 789 556 832 finibus,

220 838 292 869 Non
319 838 445 878 longius
471 849 491 871 a
517 839 657 878 Samnia,

217 886 388 926 Exemplis
417 892 449 918 et
477 887 650 919 virtutibus

219 934 327 967 Fulsit
351 935 419 966 eius
446 936 641 975 praesentia.

156 1014 188 1044 4.
218 1012 267 1044 Ibi
296 1022 407 1044 caecos
434 1013 605 1050 illuminat,

221 1061 376 1101 Leprosis
403 1060 438 1092 fit
465 1061 619 1100 obsequio

219 1109 262 1141 Et
290 1109 444 1141 daemons
470 1109 614 1140 eliminat

217 1157 270 1189 Ab
298 1157 458 1188 hominum
488 1157 662 1191 consortio,

859 349 892 381 5.
919 347 1032 379 Multis
1058 346 1182 388 fulgens
1209 347 1372 379 miraculis

919 395 1061 427 Vocatus
1087 400 1135 427 est
1161 406 1179 427 a
1206 395 1344 436 saeculo,

919 443 1006 476 Caeli
1038 444 1226 475 coniunctus
1253 443 1394 475 vernulis

920 492 1009 523 Vivit
1034 492 1066 523 in
1093 501 1173 532 pace
1197 492 1319 525 sedula.

861 571 892 602 6.
920 569 998 601 Eius
1026 578 1082 600 nos
1108 569 1218 600 iuvent
1243 569 1368 601 merita.

924 618 987 650 Sua
1014 616 1097 648 festa
1124 618 1178 656 qui
1205 617 1346 659 colimus,

922 665 965 697 Ut
991 665 1083 697 nobis
1110 664 1165 696 fiat
1191 665 1347 706 praestita

921 714 1010 746 Caeli
1038 714 1112 755 vita,
1141 723 1234 753 quam
1262 713 1417 753 cupimus.

861 792 891 824 7.
919 791 944 823 Ο
972 791 1198 822 monachorum
1225 790 1338 830 gloria,

918 839 1135 870 Eremitarum
1162 838 1323 879 gaudium,

916 888 1015 927 Quem
1043 887 1209 927 Spoletina
1236 887 1343 925 patria

917 935 1075 967 Produxit
1108 935 1197 974 quasi
1224 934 1337 974 lilium,

860 1013 891 1046 8.
920 1013 1037 1045 Sancte
1063 1012 1231 1047 Iohannes.
1260 1012 1364 1051 gratia

919 1060 1022 1100 Reple
1048 1060 1148 1092 corda
1174 1058 1329 1098 fidelium,

919 1109 1006 1148 Quae
1032 1113 1105 1148 post
1131 1108 1210 1139 haec
1235 1107 1422 1139 transitoria

920 1156 1066 1188 Caeleste
1091 1160 1217 1196 gustent
1245 1155 1407 1195 gaudium.

530 1236 562 1268 9.
591 1235 653 1266 Per
689 1234 816 1266 saecula
845 1234 885 1265 sit
913 1234 1018 1265 omnia

588 1283 657 1314 Deo
684 1282 754 1314 laus
781 1291 924 1314 summae
947 1283 1079 1322 gloriae,

590 1332 649 1370 Qui
678 1331 765 1362 vexit
791 1331 833 1364 ad
861 1331 1013 1363 caelestia

587 1379 739 1411 Sanctum
766 1379 941 1411 Iohannem
970 1379 1078 1411 hodie.

235 1455 357 1483 Collect.
387 1464 440 1482 ms.
469 1456 658 1483 Constantini
685 1456 821 1484 Caietani
849 1464 925 1482 saec.
957 1453 1028 1481 ¹⁸9'17.
1060 1455 1130 1482 Cod.
1164 1453 1354 1481 Alexandrin.
1385 1452 1431 1481 94.
1460 1469 1496 1472 -

158 1494 221 1527 „Ex
246 1494 466 1530 Antiphonario
488 1495 667 1531 collegiatae
689 1495 833 1522 ecclesiae
856 1498 952 1522 terrae
975 1494 1074 1529 Apicii
1096 1495 1165 1520 anni
1191 1492 1291 1520 1337.“

544 1599 611 1630 336.
653 1599 694 1629 De
715 1607 739 1629 s.
761 1599 905 1630 Iohanne
929 1597 1101 1638 Spoletino.

716 1650 765 1677 Ad
794 1649 949 1677 Laudes.

158 1722 190 1753 1.
218 1719 403 1752 Laudemus
430 1719 592 1752 Christum
611 1719 794 1759 Dominum,
858 1720 889 1752 3.
919 1718 1043 1759 Gaude,
1072 1721 1210 1750 castrum
1238 1718 1358 1759 Apicii,

218 1768 277 1808 Qui
304 1768 397 1800 nobis
424 1777 513 1800 suum
544 1767 697 1800 famulum

217 1817 384 1850 concessit
410 1826 470 1857 per
496 1826 584 1848 suam
613 1817 761 1857 gratiam,

218 1866 263 1899 Ut
289 1866 394 1898 salvet
418 1867 514 1897 istam
541 1866 691 1906 patriam.

158 1947 189 1977 2.
218 1944 343 1986 Venite,
371 1952 482 1976 omnes
508 1943 631 1984 populi,

218 1992 369 2025 Laudare
394 2001 509 2024 nomen
537 1992 679 2025 Domini.

216 2042 260 2075 Ut
289 2041 387 2074 donet
413 2041 506 2073 nobis
533 2041 696 2083 gaudium,

221 2091 298 2131 Quis
325 2099 414 2122 suum
444 2090 535 2122 dedit
562 2089 728 2123 famulum.

919 1767 967 1799 De
994 1771 1083 1798 tanto
1111 1767 1194 1798 dono
1222 1766 1362 1803 Domini,

918 1816 1106 1848 Glorificate
1133 1815 1316 1854 Dominum,

919 1865 978 1904 Qui
1006 1865 1112 1896 salvat
1138 1864 1232 1895 istum
1261 1864 1426 1903 populum.

856 1945 887 1977 4.
916 1943 988 1974 Iesu
1015 1942 1144 1974 Christe
1169 1941 1321 1983 piissime,

916 1992 1077 2030 Rogamus
1104 1995 1146 2030 te7
1174 1990 1387 2029 sanctissime,

919 2040 961 2072 Ut
994 2039 1086 2070 huius
1112 2038 1188 2070 almi
1215 2038 1319 2078 gratia

920 2087 1022 2119 Nobis
1049 2087 1194 2119 remittas
1222 2086 1342 2119 debita.

501 2171 532 2201 5.
559 2167 673 2201 Gloria
700 2167 771 2207 tibi,
799 2166 948 2203 Domine,

558 2217 642 2253 Iesu,
671 2216 815 2247 salvator
841 2214 993 2252 omnium,

561 2265 638 2297 Cum
667 2269 760 2304 patre
786 2267 818 2295 et
843 2266 956 2294 sancto
983 2262 1100 2302 spiritu

562 2314 599 2346 In
627 2312 825 2353 sempiterna
852 2311 992 2343 saecula.

235 2392 357 2419 Collect.
379 2399 432 2418 ms.
455 2390 592 2418 Caietani
615 2390 770 2417 Constant.
800 2396 878 2415 saec.
903 2385 975 2414 ¹⁸s'17.
999 2386 1069 2414 Cod.
1092 2387 1282 2414 AlexandrIn.
1305 2384 1351 2415 94.
1366 2401 1404 2406 -—
1427 2386 1450 2421 1,
1472 2386 1490 2416 3

155 2432 236 2460 Eine
259 2431 343 2458 silbe
371 2429 486 2462 zuviel3
514 2428 584 2455 lies:
616 2428 706 2456 Dedit
726 2437 779 2464 per
800 2427 906 2454 suum?
929 2440 965 2445 --
987 2424 1012 2459 2,
1035 2424 1052 2453 4
1075 2426 1167 2460 Quem
1190 2435 1275 2453 suum
1296 2426 1378 2454 dedit
1398 2426 1490 2455 famu-

152 2472 234 2498 lum.
258 2485 294 2488 —
319 2467 382 2503 „Ex
403 2467 526 2504 Antiph.
547 2467 725 2503 collegiatae
747 2466 892 2494 ecclesiae
913 2468 1009 2493 terrae
1031 2466 1128 2501 Apicii
1151 2466 1221 2492 anni
1246 2463 1344 2494 1337.“
