1653 2656
792 107 1029 143 -30-

250 204 281 234 5.
310 201 454 234 Prudens
478 203 600 235 talenta
627 204 750 244 gratiae
937 205 969 237 6.
989 204 1059 236 Deo
1085 204 1171 244 patri
1196 203 1240 235 sit
1261 204 1364 244 gloria

307 249 351 281 Et
375 250 456 282 lucri
481 252 733 291 magnitudinem
994 251 1137 291 Eiusque
1161 251 1223 283 soli
1248 251 1316 284 filio

307 298 453 330 Adducis
479 299 545 338 regi
571 299 696 339 gloriae
995 299 1072 331 Cum
1099 298 1217 338 spiritu
1243 299 1403 339 paraclito

306 345 343 376 In
369 346 457 386 pacis
483 346 767 386 pulchritudinem.
993 347 1029 378 In
1056 347 1252 388 sempiterna
1276 347 1416 380 saecula.

321 429 448 465 Legend.
477 439 530 457 ms.
555 431 706 457 Laurentii
736 431 846 458 Odonis
874 431 1034 466 Lincopen.
1063 439 1138 458 saec.
1168 429 1242 458 “li-3.
1264 431 1337 458 cod.
1360 431 1505 460 Dresden.
1526 432 1565 461 A.

247 465 309 494 182.
331 468 364 494 A.
393 482 426 485 —
448 469 514 494 Ant.
546 472 581 495 et.
605 468 702 503 hymn.
724 478 776 495 ms.
798 470 940 496 Scarense
962 477 1038 495 saec.
1058 466 1117 504 [14.
1140 466 1181 505 et]
1205 468 1249 496 15.
1271 470 1342 498 eod.
1366 470 1508 506 Upsalen.
1530 471 1563 500 C.

243 504 307 532 422.
335 507 367 532 Β.
392 522 426 525 -
455 506 573 533 Collect.
603 516 654 533 ms.
684 507 884 534 Vadstenense
911 516 986 534 saec.
1021 506 1062 533 15.
1085 507 1155 534 Cod.
1178 506 1317 544 Upsalen.
1341 508 1370 536 C.
1399 507 1445 538 23.
1471 510 1502 537 C.
1526 525 1562 530 —

243 541 270 575 2,
294 543 306 570 1
329 545 433 570 suevis
455 545 518 575 Ass;
541 544 653 571 Sweuis
672 544 703 572 C.
725 560 759 564 —
780 545 806 577 4,
832 545 844 572 1
867 545 993 572 viriliter
1008 545 1038 572 C.
1062 559 1096 563 —
1117 545 1145 577 4,
1165 545 1183 573 3
1204 548 1365 575 veraseiter
1381 549 1412 575 C.
1435 563 1472 567 —
1493 547 1520 581 6,
1545 547 1560 576 l

243 583 281 608 sit
305 584 400 616 gratia
427 584 458 608 C.
482 598 515 601 -—
537 583 702 619 Doxologie
728 583 949 618 unvollstfmdig
969 583 1053 611 ABG.
1076 599 1111 602 —
1133 585 1199 620 Vgl.
1222 585 1392 623 Klemming
1412 588 1441 621 1,
1473 587 1486 614 l
1516 596 1560 624 sq.

667 715 724 745 129.
767 715 807 746 De
829 717 939 746 sancto
959 716 1126 756 Ansgario.

739 775 787 802 Ad
816 777 1058 804 Nocturnum.

241 859 269 891 1.
299 860 387 891 Vidit
413 870 493 900 puer
518 863 695 902 Ansgarius
922 863 954 897 4.
982 865 1091 896 Vanus
1117 865 1220 905 quivis
1248 865 1419 905 displiceat

297 908 460 947 Quandam
487 914 597 949 raptus
623 911 654 941 in
681 911 797 950 spiritu
982 913 1153 944 Discursus
1180 918 1212 944 et
1236 913 1383 954 lascivia,

298 955 537 996 Praefulgidam
565 959 728 990 decentius
981 961 1128 992 Maturus
1155 962 1198 992 sis
1225 966 1256 992 et
1282 962 1383 993 saciet

298 1003 463 1035 Caelorum
490 1006 522 1036 in
548 1007 700 1040 exercitu.
981 1008 1027 1039 Te
1054 1009 1174 1040 Christi
1201 1010 1370 1049 sapientia.

238 1089 270 1120 2.
298 1089 404 1127 Ipsam
432 1094 615 1121 constanter
640 1091 779 1122 credidit
923 1096 952 1125 5.
981 1093 1064 1125 Nam
1090 1094 1288 1127 detestamur
1314 1096 1380 1128 otia

296 1135 431 1166 Maiiam
459 1146 527 1168 csse
554 1138 721 1176 virginem,
980 1141 1171 1182 Contempto
1198 1144 1392 1186 vaniloquio,

295 1184 380 1222 Quae
407 1183 466 1214 sibi
494 1185 578 1216 mitis
605 1186 709 1216 edidit
980 1189 1141 1221 Virtutum
1168 1192 1359 1223 excellentia

295 1230 404 1263 Talem
430 1233 583 1263 sermonis
609 1233 774 1266 ordinem:
980 1237 1099 1268 Nostro
1125 1239 1225 1269 servit
1252 1240 1383 1274 solacio.

237 1316 267 1347 3.
297 1316 330 1348 Si
356 1317 403 1347 vis
429 1322 537 1349 nostro
565 1320 722 1351 consortio
922 1323 952 1354 6.
982 1323 1057 1354 Post
1083 1323 1161 1355 haec
1186 1333 1334 1357 crescens
1362 1331 1516 1368 appetere

295 1363 337 1394 Et
361 1368 470 1395 nostra
494 1364 557 1396 frui
582 1367 695 1406 gloria.
981 1369 1093 1410 Coepit
1119 1372 1270 1404 virtutum
1300 1373 1442 1414 foedera,

296 1411 418 1442 Vitabis
445 1413 528 1443 omni
555 1415 662 1446 studio
979 1417 1141 1450 Christum
1168 1419 1330 1454 ferventer
1357 1423 1473 1463 colere,

294 1459 383 1490 locos
409 1464 440 1490 et
466 1461 613 1499 puerilia.
977 1465 1058 1498 Fide
1080 1469 1311 1501 transcendens
1337 1471 1456 1504 sidera.

644 1552 674 1580 6.
700 1548 766 1580 Deo
792 1551 877 1591 patri
903 1552 944 1582 sit
972 1553 1085 1592 gloria.

255 1664 262 1665 J
308 1629 434 1664 Legend.
461 1639 512 1658 ms.
542 1632 694 1659 Laurentii
723 1634 832 1660 Odonis
859 1636 1019 1670 Lincopen.
1048 1647 1122 1665 saec.
1154 1638 1230 1668 ¹⁴1⁵.
1253 1642 1321 1669 Cod.
1347 1644 1488 1673 Dresden.
1510 1646 1546 1673 A.

234 1664 295 1692 182.
316 1667 350 1692 A.
376 1681 407 1685 -
430 1669 496 1695 Aut.
524 1674 560 1696 et.
588 1670 685 1705 hymn.
707 1681 758 1698 ms.
781 1670 922 1701 Scarense
943 1684 1017 1703 saec.
1040 1673 1100 1712 [14.
1122 1676 1163 1713 et]
1186 1678 1228 1706 15.
1252 1680 1321 1707 Cod.
1346 1682 1487 1718 Upsalen.
1513 1684 1545 1712 C.

229 1702 294 1731 422.
317 1705 349 1731 B.
376 1720 405 1723 —-
429 1706 548 1734 collect.
577 1718 628 1735 ins.
653 1710 853 1738 Vadstenense
874 1721 949 1740 saec.
975 1714 1017 1741 15.
1040 1715 1108 1743 Οοᾶ.
1132 1718 1271 1752 Upsalen.
1295 1719 1316 1746 C
1338 1719 1383 1748 23.
1407 1722 1436 1749 C.
1460 1738 1497 1741 —
1517 1721 1545 1757 3,

234 1741 246 1769 l
268 1743 327 1770 und
347 1744 364 1770 3
385 1744 455 1770 fehlt
476 1746 527 1773 der
547 1747 640 1773 Reim.
682 1748 737 1775 Cfr.
760 1749 927 1786 Klemming
947 1753 970 1783 Ι,
992 1752 1008 1778 ὅ
1031 1763 1072 1789 sq.

602 1879 662 1909 130.
704 1880 745 1910 De
767 1890 790 1911 s.
812 1881 966 1913 Antonino
987 1884 1175 1923 Apamiensi.

701 1940 751 1967 Ad
779 1941 882 1977 Vesp.
909 1946 944 1969 et
971 1944 1070 1971 Noct.

229 2025 259 2058 1.
287 2025 381 2056 Nunc
406 2027 561 2058 Antonini
587 2029 738 2067 martyris
914 2033 946 2064 3.
974 2034 1115 2065 Inventis
1141 2035 1203 2067 iani
1228 2039 1411 2077 pastoribus

290 2072 420 2105 Festum
446 2074 572 2106 celebre
599 2076 741 2118 colimus,
970 2080 1012 2111 Et
1036 2081 1111 2113 fidei
1139 2084 1333 2127 doctoribus,

288 2121 347 2159 Qui
373 2121 413 2153 ob
439 2131 578 2154 amorem
605 2123 733 2155 Domini
973 2128 1050 2160 Cum
1077 2130 1189 2169 quibus
1219 2133 1273 2165 diu
1300 2144 1514 2181 commanens,

289 2169 418 2208 Sprevit
444 2171 564 2203 caduca
591 2173 720 2205 saeculi.
973 2175 1119 2217 Suscepit
1144 2183 1369 2217 sacerdotium.

226 2256 256 2288 2.
284 2256 492 2296 Interrogans
517 2257 681 2297 profectus
705 2263 764 2297 est,
911 2263 942 2296 4.
970 2263 1042 2295 Una
1069 2264 1190 2298 dierum
1216 2277 1372 2304 revocans

284 2303 348 2336 Ubi
373 2304 495 2344 vigeret
522 2307 670 2346 populus,
969 2313 998 2342 A
1025 2312 1090 2344 suis
1117 2316 1222 2347 cordis
1247 2318 1381 2352 cellula:

285 2351 344 2391 Qui
370 2353 570 2386 collaudaret
595 2354 766 2388 Dominum
970 2358 1004 2391 Si
1030 2364 1190 2399 persecuti
1215 2363 1349 2407 fuerint,

287 2399 420 2432 Relictis
445 2402 604 2442 quondam
628 2403 734 2436 idolis.
969 2407 1006 2438 In
1032 2409 1187 2450 reliquam
1209 2413 1412 2456 transfugite.
