1653 2656
739 151 787 156 —
837 132 1002 171 299.—

207 226 240 259 3.
267 225 294 259 O
320 236 416 267 quam
443 226 521 259 felix
547 232 678 260 sanctus
703 229 766 262 iste
904 233 935 266 5.
963 231 1099 263 Demum
1126 231 1234 271 lingua
1260 231 1432 271 bispartita

316 275 359 307 Et
387 275 503 315 dignus
529 278 712 317 praeconio,
1013 279 1091 312 Cum
1119 280 1233 311 ceteris
1260 280 1413 319 loquitur,

268 323 325 356 Cui
353 333 452 356 cenae
477 328 561 360 tuae,
591 325 729 369 Christe,
964 328 1189 360 Praedicando
1217 327 1326 367 verbo,
1354 328 1420 359 vita

314 372 480 412 Deputata
504 373 613 414 lectio,
1012 375 1211 417 Stephanum
1238 376 1452 416 subsequitur,

267 419 364 452 Cuius
391 425 504 462 pectus
531 422 650 453 mulcet
676 423 770 454 triste
965 423 1077 456 Donec
1104 421 1184 467 [hic]
1213 424 1362 456 Israelita

317 469 394 501 Visa
421 470 627 503 resurrectio.
1013 472 1113 505 Plebe
1140 472 1226 504 saxis
1253 472 1379 504 teritur.

211 571 245 602 4.
277 569 440 602 Christum
469 571 550 603 vidit
575 571 802 603 ascendentem
912 575 943 606 6.
972 572 1083 604 Gloria
1108 578 1139 603 et
1165 573 1267 604 honor
1292 573 1359 604 Deo

324 618 556 650 Consternatus
583 620 689 650 animo
1019 620 1191 660 Usquequo
1217 621 1382 661 altissimo,

273 665 494 707 Spiritumque
520 667 769 699 descendentem
970 668 1043 701 Una
1068 670 1153 709 patri
1180 669 1309 709 filioque
1330 679 1336 683 ·

316 714 379 746 Die
405 715 681 756 quinquagesimo,
1018 718 1134 749 Inclito
1161 718 1330 756 paraclito,

270 762 462 794 Praesentes
489 767 519 795 et
547 772 581 794 se
608 764 786 804 replentem
969 765 1029 798 Cui
1054 765 1124 796 laus
1151 768 1199 796 est
1225 769 1254 796 et
1282 769 1424 806 potestas

314 811 416 843 Sensu
444 810 694 844 ferventissimo.
1017 814 1080 845 Per
1105 814 1259 845 immensa
1286 814 1421 845 saecula.

284 912 372 939 Brev.
383 913 568 939 bituricense
580 913 828 948 imp.Lemovicis
841 911 925 941 1512.
937 928 974 932 -
987 911 1012 943 3,
1026 912 1200 949 4Deputata
1215 918 1266 940 est.
1278 912 1345 939 ——4.
1359 911 1375 939 5
1389 913 1542 948 repletum.

642 1083 710 1113 505.
754 1083 795 1113 De
815 1084 924 1114 sancto
949 1083 1106 1114 Ursniaro.

205 1178 240 1211 1,
273 1175 355 1217 Ave,
384 1181 475 1208 casta
502 1177 623 1208 Christi
649 1186 776 1220 sponsa,
908 1181 939 1211 5.
968 1174 1009 1210 Ei
1037 1188 1108 1209 nani
1136 1187 1233 1209 senex
1260 1188 1318 1218 pei·
1345 1179 1445 1209 visun]

314 1225 340 1257 O
369 1229 475 1256 mater
501 1225 650 1265 ecclesia,
1015 1225 1179 1259 Offerebat
1205 1235 1339 1265 puerum

262 1274 344 1311 Ave,
374 1273 445 1305 Deo
471 1273 656 1313 praeelecta
966 1275 1008 1306 Et
1036 1275 1077 1305 ad
1102 1274 1190 1305 illuni
1216 1275 1420 1305 nutriendum

312 1321 400 1353 Ante
429 1326 545 1354 cuncta
571 1322 713 1362 saecula,
1016 1324 1133 1355 Panem
1160 1323 1253 1354 simul
1281 1323 1471 1360 candidum,

261 1371 344 1407 Ave,
374 1374 486 1401 sancto
513 1370 723 1410 praesignata
967 1373 1071 1409 Hune,
1099 1371 1213 1411 inquit,
1242 1371 1283 1402 ad
1311 1371 1515 1402 educandum

313 1418 440 1458 Spiritu
466 1427 526 1458 per
551 1422 708 1459 tempora.
1018 1420 1135 1451 Panem
1162 1428 1249 1450 sume
1276 1419 1387 1452 filium.

203 1521 236 1552 2.
262 1516 445 1552 Benedicta
470 1522 580 1560 sponsi
607 1520 681 1551 dote
904 1522 935 1554 6.
964 1518 1093 1562 Filium,
1121 1522 1261 1561 inquam,
1290 1526 1434 1552 materna

321 1568 426 1599 Prolis
453 1568 670 1611 multitudine,
1013 1569 1135 1600 Ferunt
1162 1578 1255 1609 quem
1283 1569 1485 1610 praecordia,

267 1615 465 1656 Nuptiarum
495 1621 633 1659 compta,
662 1617 776 1659 gaude,
966 1618 1019 1650 Ad
1047 1618 1107 1649 hoc
1131 1619 1278 1656 generari
1310 1619 1385 1650 diva

318 1664 498 1696 Numeroso
524 1666 678 1707 germine,
1016 1667 1172 1698 Providet
1198 1669 1353 1708 potentia,

264 1713 379 1745 Milies
407 1713 547 1745 fecunda
572 1714 660 1745 mille
968 1716 1037 1754 Quo
1065 1715 1126 1746 sibi
1153 1715 1322 1755 perplures
1348 1715 1411 1746 ista

316 1762 475 1794 Filiorum
501 1763 638 1802 agmine.
1017 1764 1177 1795 Lucretur
1203 1765 1234 1794 in
1263 1764 1379 1804 patria

205 1866 239 1898 3.
269 1862 401 1898 Civibus
428 1874 524 1896 ornas
551 1865 721 1896 caelestem
906 1866 937 1899 7.
967 1863 1111 1899 Gravata
1139 1876 1248 1897 rursus
1277 1875 1392 1905 sopore

316 1913 442 1945 Electis
470 1914 656 1953 Ierusalem,
1015 1915 1123 1946 Cernit
1145 1915 1176 1946 in
1203 1921 1346 1946 oromate

270 1963 360 1995 Inter
386 1971 465 2002 quos
491 1963 608 1996 bonum
635 1967 798 2003 pastorem
964 1964 1081 1996 Filium
1110 1964 1252 1994 innixum
1280 1963 1387 1994 scalae

319 2011 509 2044 Ursmarum
536 2012 721 2051 pontificem
1014 2012 1101 2044 Caeli
1129 2012 1215 2043 celsa
1242 2011 1410 2049 scandere,

267 2061 416 2093 Collocas
444 2061 532 2092 velut
558 2060 713 2092 nitentem
964 2062 1063 2100 Quem
1090 2061 1179 2100 sequi
1207 2060 1335 2099 quidem
1363 2059 1505 2099 valebat,

314 2109 357 2140 Et
384 2109 519 2149 politum
548 2110 701 2149 lapidem.
1015 2109 1173 2149 consequi
1199 2118 1261 2140 non
1289 2112 1426 2148 poterat.

197 2215 232 2246 4.
261 2209 362 2246 Dono
389 2220 481 2251 quem
510 2217 615 2243 mater
638 2221 779 2253 superno
906 2212 937 2244 8.
968 2208 1027 2244 His
1057 2209 1134 2241 felix
1162 2220 1279 2250 parens
1309 2211 1348 2242 de
1375 2216 1450 2242 nato

313 2260 435 2292 Nostro
463 2260 573 2292 datum
600 2261 730 2292 saeculo
1016 2260 1113 2292 Certa
1140 2258 1226 2290 facta
1253 2260 1396 2300 proprio,

259 2309 408 2350 Agnovit
436 2308 523 2340 laeta
549 2318 705 2348 responso
961 2309 1134 2348 Postquam
1163 2308 1246 2339 hunc
1273 2308 1490 2348 praecordiali

310 2357 521 2390 Nasciturum
546 2357 678 2396 caelico,
1011 2357 1070 2389 Est
1099 2356 1192 2388 enixa
1221 2356 1354 2397 viscere,

258 2405 408 2438 Necdum
435 2406 514 2437 licet
539 2414 556 2437 e
582 2410 728 2438 materno
963 2406 1120 2438 Adultum
1143 2405 1245 2436 tradit
1268 2406 1403 2437 sacratis

313 2455 436 2487 Fusum
462 2458 572 2487 nosset
597 2458 700 2486 utero.
1010 2455 1228 2486 Instruentum
1256 2454 1370 2486 literis.
