1653 2656
237 843 290 873 10.

230 1116 359 1142 Prot-ess.
389 1124 439 1140 ως.
469 1113 649 1140 ljnblinense
677 1120 752 1137 saec.
778 1113 799 1136 ἱ).
828 1109 899 1135 Cod.
928 1109 1070 1135 Oxonien.
1099 1106 1243 1133 Ralinson
1263 1105 1322 1131 Lit.

669 171 928 206 —266—

574 268 643 299 445.
688 268 728 298 De
750 267 856 296 sancto
877 262 1027 295 Patricio.

611 330 632 355 Α
644 328 662 354 d
689 327 756 354 Pro
768 325 988 353 cessionem.

316 410 419 445 Salve,
449 407 531 439 festa
558 407 637 447 dies,
665 409 730 436 toto
757 402 950 436 venerabilis
976 409 1065 438 aevo,

362 459 429 497 Qua
456 455 519 487 fert
546 455 719 487 Patricium
747 452 894 484 Christus
920 450 962 481 ad
986 454 1074 480 astra
1100 447 1196 488 pium.

317 505 411 537 Sidus
437 503 637 545 praeclarum
664 501 769 532 lumen
796 499 852 530 dat
876 499 909 529 in
935 497 1066 529 aethere
1089 495 1222 534 clarum,

365 553 454 592 Quod
481 551 567 583 Deus
593 548 778 589 amplificat,
806 546 942 578 mundus
966 553 1065 584 eoque
1091 544 1198 575 micat.

321 601 416 633 Sidus
440 600 499 631 hoc
527 603 573 629 est
600 597 747 629 Phoebus
772 596 852 635 ipsis
877 593 1014 625 lucendo
1041 591 1153 623 diebus

367 648 479 679 Clarus
506 652 535 677 et
563 645 696 677 eximius
722 643 840 675 lumine
867 641 1037 674 Patricius.

317 696 378 727 Hic
404 705 466 726 non
493 695 688 727 credentem.
715 701 808 732 quam
836 690 926 722 duxit
955 688 1118 726 Hibernia,
1146 690 1272 727 gentem

371 743 540 775 Coniunxit
567 741 642 773 fidei
669 749 726 780 per
751 748 842 771 sacra
868 737 968 768 verba
994 736 1064 769 Dei.

322 792 379 823 Hic
405 795 453 822 est
479 791 527 821 vir
552 790 661 826 mirus,
689 797 750 827 quo
776 786 878 818 nescit
902 784 1058 816 Hibernia
1083 783 1191 821 virus3

367 838 534 871 Praedicat
561 837 615 868 ille
638 836 750 873 Deum,
777 841 925 873 morsque
952 832 1032 872 fugit
1057 840 1115 871 per
1143 839 1224 862 eum.

319 888 420 918 Huius
446 887 478 917 in
504 895 569 924 ore,
597 885 692 919 Deus,
721 888 776 913 tua
802 891 835 913 se
862 881 1014 912 miracula
1042 879 1163 920 palam,

366 935 451 966 Exta
475 932 554 964 furis
582 932 701 969 balant,
730 930 870 970 paenitet
894 929 950 959 ille
977 937 1061 961 reuS.

320 983 385 1014 Nos
412 990 506 1021 prece
533 980 620 1011 felici
645 980 767 1018 iungas,
794 981 886 1017 pater
911 977 994 1008 alme
1023 974 1147 1013 Patriti‚

370 1030 527 1068 Perpetuo
552 1028 621 1062 soli,
650 1027 703 1066 qui
729 1027 823 1056 micat
850 1033 923 1056 arce
950 1023 1026 1064 poli.

150 1154 167 1182 8
188 1155 288 1181 Iunxit
309 1153 384 1179 fidei.
407 1167 442 1170 —
464 1151 611 1178 Abschrit't
633 1159 691 1176 von
712 1150 781 1176 Rev.
805 1149 842 1174 H.
865 1149 903 1174 M.
926 1147 1091 1173 Bannister.

261 1899 314 1930 10.

266 2378 320 2409 20.

564 1328 632 1358 446.
674 1327 707 1357 ln
729 1327 818 1357 Festo
841 1326 1056 1356 Patronarum.

621 1387 668 1413 Ad
700 1387 996 1413 Processionem.

342 1469 450 1498 Aurea
476 1466 529 1496 lux
556 1466 675 1498 mundi.
704 1465 910 1504 resplendens
937 1463 1038 1502 gloria
1065 1462 1154 1501 caeli,

390 1513 488 1545 Nobis
516 1514 557 1544 sit
583 1512 702 1544 fautrix
728 1513 817 1552 virgo
843 1512 903 1543 Dei
930 1511 1084 1551 genetrix.

345 1562 480 1594 Vincula
505 1570 585 1601 quae
611 1561 707 1591 solvis
735 1560 857 1591 vinctae
883 1560 973 1598 prius
1000 1558 1105 1589 omnia
1131 1557 1246 1595 carnis,

394 1610 539 1641 Clemens
566 1608 682 1640 exaudi
709 1612 781 1639 vota
807 1608 852 1638 tui
878 1607 998 1647 populi.

312 1683 317 1689 .
346 1658 438 1689 Pacis
465 1662 558 1696 porta
584 1656 643 1687 Dei
670 1655 804 1689 stabilis,
833 1656 906 1695 quia
929 1655 1040 1694 pervia
1062 1653 1152 1691 nulli,

390 1705 442 1736 Ad
470 1704 548 1736 caeli
575 1704 667 1735 sedes
693 1703 749 1734 has
776 1712 898 1742 quoque
924 1702 1007 1733 ferto
1034 1710 1156 1741 preces.

343 1753 412 1784 Rex
441 1752 480 1783 de
506 1761 567 1791 qua
594 1752 677 1782 vitae
704 1751 869 1790 processit,
897 1750 992 1790 plena
1018 1750 1130 1791 salute,

392 1800 501 1839 Dirige
530 1799 587 1830 sub
616 1798 713 1830 verbo
740 1799 855 1838 gaudia
880 1802 989 1829 nostra
1015 1802 1079 1829 tuo.

342 1848 428 1879 Filia
455 1852 488 1878 tu
515 1856 633 1887 regum.
663 1846 856 1877 dominatrix
885 1846 1117 1882 caelicolarum,

392 1896 457 1927 Nos
484 1904 611 1934 pressos
639 1903 748 1925 recrea
774 1894 905 1925 crimine
932 1903 1001 1924 eum
1028 1894 1132 1926 venia.

345 1944 442 1976 Cuius
468 1944 509 1975 ad
537 1943 615 1974 haec
641 1942 743 1982 gentis
770 1942 930 1973 comiteris
957 1951 1079 1972 summa
1106 1941 1244 1981 decoris,

394 1992 462 2031 Quo
490 1996 614 2030 tempus
641 1994 783 2021 nostrum
810 1988 931 2029 fulgeat
957 1990 1136 2022 innocuum,

346 2040 479 2073 Florida
505 2038 672 2070 concordis
699 2038 825 2069 Christo
852 2038 919 2068 laus
948 2037 1053 2068 vincta
1081 2037 1230 2077 cohortis,

395 2087 531 2127 Pignora
557 2086 705 2126 Sopbiae‚
733 2095 789 2117 nos
815 2086 956 2116 relevate
983 2085 1071 2124 piae!

310 2164 314 2169 .
345 2136 411 2167 Nos
438 2135 512 2174 quia
538 2139 698 2166 terrenum
725 2134 842 2165 scimus
868 2141 1036 2172 superasse
1064 2137 1244 2176 tyrannum,

396 2184 481 2215 Hinc
507 2183 642 2222 petimus
669 2191 784 2222 supero
810 2181 931 2221 iungite
956 2190 1013 2212 nos
1037 2181 1128 2213 solio.

345 2231 471 2263 Attala.
500 2230 759 2269 Perhtsiulindis‚
788 2229 906 2269 Odilia‚
934 2229 1024 2269 Spes,
1052 2229 1210 2272 Alabidis,

395 2279 488 2319 Gesa,
519 2278 629 2313 Gesta,
659 2278 767 2314 Fides,
797 2278 917 2308 cernite
944 2286 1000 2308 nos
1027 2277 1173 2309 humiles.

346 2328 457 2360 Tertia
483 2327 522 2358 de
550 2327 643 2361 binis,
671 2326 787 2366 gemini
814 2334 987 2365 cognomen
1014 2326 1141 2369 amoris,

396 2375 512 2407 Matris
539 2384 614 2406 cara
642 2379 714 2405 tuae
740 2374 814 2412 filia,
843 2374 942 2415 virgo,
971 2372 1054 2406 fave.

348 2423 504 2463 Candida,
533 2423 669 2463 Iustina,
693 2422 842 2461 Caecilia,
869 2421 985 2462 Digna,
1013 2422 1178 2463 Columba,

396 2472 564 2504 Fautrices
589 2470 730 2511 propriis
757 2474 824 2502 este
849 2470 941 2502 simul
969 2469 1108 2504 famulis,

1343 1102 1409 1130 d4.
