1653 2656
726 135 983 170 —146—

436 235 468 265 9.
497 231 609 264 Gloria
635 233 719 272 patri
746 241 929 264 resonemus
955 241 1063 264 omnes

494 280 536 312 Et
563 280 632 319 tibi,
661 281 798 316 Christe.
825 281 931 321 genite
956 289 1105 321 superne,

496 328 574 361 Cum
603 330 717 368 quibus
744 333 874 360 sanctus
899 329 994 360 simul
1020 333 1052 360 et
1078 333 1205 360 creator

708 376 846 416 Spiritus
873 382 997 417 regnat.

268 442 349 470 Offie.
378 450 430 469 ms.
459 451 498 468 ss.
526 442 703 470 Fortunatae
729 446 759 469 et
790 442 934 470 Gaudiosi
960 451 1035 470 saec.
1066 440 1109 470 16.
1135 442 1204 470 Cod.
1234 442 1370 469 Vatican.
1411 442 1515 477 Regin.

195 479 276 508 1794.
297 481 331 507 A.
355 495 387 498 —
411 480 493 506 Offic.
516 489 553 506 ⁵5.
575 481 754 508 Fortunatae
775 485 803 508 et
824 481 969 509 Gaudiosi
990 483 1058 516 imp.
1081 481 1207 516 Neapoli
1233 479 1314 508 1568.
1337 481 1368 507 Β.
1388 495 1424 499 -
1449 479 1474 508 l.
1499 478 1511 506 1

193 521 342 547 fortunata
372 519 446 546 festa
472 519 539 553 AB3
570 519 622 546 der
653 519 835 555 Eigennaine
867 522 940 547 stfirt
965 528 1003 546 an
1030 520 1126 546 dieser
1155 519 1247 546 §telle
1275 519 1328 546 das
1356 522 1439 546 sonst
1465 519 1514 545 be-

193 557 346 585 obachtete
362 557 499 584 Meti-um.
514 571 550 575 -—
571 555 597 588 2,
620 556 637 584 2
653 558 742 585 Haec.
761 559 793 585 B.
811 572 841 576 -
865 556 892 590 3,
913 556 931 586 3
952 558 1026 585 tales
1043 559 1075 585 B.
1094 572 1123 576 —
1144 556 1170 584 4.
1193 556 1211 585 ‘2
1226 559 1331 584 mitant
1347 558 1380 584 A.
1396 571 1433 575 —
1447 555 1474 585 6.
1499 555 1511 583 1

193 597 291 623 varias
318 596 352 622 A.
380 610 417 614 —
446 594 471 626 7.
493 593 511 622 2
533 596 646 628 Quibus
668 596 815 623 Christum
839 597 904 625 AB:

932 600 1014 632 potes
1040 596 1112 622 fehlt
1135 597 1168 622 A.
1190 611 1225 615 —-
1254 595 1280 627 7,
1303 594 1320 621 3
1342 596 1513 631 Cunctaque

194 635 260 667 AB3
283 635 395 661 relaxat
416 635 450 660 A.
470 648 502 652 —
523 632 548 665 9,
574 633 586 660 1
612 636 686 669 patri
708 636 884 670 genitaeque
906 635 981 670 proli
1003 637 1036 662 A.
1058 650 1093 653 —
1115 634 1142 666 9,
1163 634 1180 661 ‘2
1201 635 1240 662 Et
1261 635 1315 661 tibi
1336 642 1456 669 compar
1470 634 1513 662 A:

193 673 245 699 das
268 674 384 699 weitere
406 671 478 699 fehlt
498 673 532 699 A.

609 745 678 776 245.
720 746 762 776 De
783 749 894 777 sancta
915 746 1096 778 Fortunata.

743 797 793 824 Ad
814 797 969 825 Laudes.

194 855 225 886 1.
252 853 441 895 Fortunata,
468 853 584 886 florens
610 856 723 895 gratia,
877 857 908 888 4.

252 901 371 934 Forma
397 900 484 933 facta
510 902 685 939 humilium,

251 948 355 980 Sortis
381 958 510 981 consors
537 950 728 990 sublimium,

252 996 322 1027 Iesu
350 1006 466 1028 corona
489 997 655 1037 virginum.

192 1065 210 1095 10

252 1110 385 1141 Carnem
403 1111 616 1150 mundumque
635 1116 812 1146 conterens,

251 1158 368 1190 Hostes
394 1158 546 1198 malignos
573 1164 738 1197 proterens

253 1205 408 1236 Lauream
435 1206 537 1237 victor
562 1208 686 1238 meruit.

192 1274 224 1304 23.
252 1276 454 1311 Quocumque
478 1277 623 1312 pergunt,
653 1274 791 1313 virgines
877 1276 909 1307 6.

253 1320 440 1359 Fugantque
467 1325 559 1351 extra
585 1321 764 1361 daemones,

252 1367 375 1406 Dignae
401 1371 473 1397 sunt
500 1369 539 1400 ad
567 1369 715 1399 caelestia

253 1414 322 1445 Hae
348 1415 516 1453 pervenire
541 1417 665 1455 gaudia.

217 1090 223 1096 ,
250 1063 308 1101 Qui
336 1063 439 1101 pascis
464 1063 549 1094 inter
574 1064 651 1105 lilia,
875 1068 906 1098 5.

938 857 997 895 Qui
1024 856 1220 888 Fortunatae
1247 860 1355 896 erogat

939 903 1126 935 Devotionis
1151 904 1298 943 gloriam.

937 951 1104 983 Mereatur
1129 951 1346 982 conscendere

937 999 990 1030 Ad
1017 999 1098 1030 caeli
1126 1008 1200 1030 vere
1225 999 1338 1031 ardua.

938 1066 1024 1103 Quae
1051 1065 1147 1096 flores
1173 1064 1286 1097 florum
1311 1066 1433 1105 prodiit

939 1113 1081 1152 Principi
1108 1113 1200 1144 huius
1226 1113 1356 1148 saeculi.

938 1160 1042 1201 Digne
1068 1166 1218 1200 precetur
1243 1161 1414 1194 Dominum

938 1209 1001 1240 Pro
1027 1209 1145 1239 nostris
1171 1207 1379 1242 facinoribus,

937 1275 1036 1306 Trino
1063 1275 1131 1306 Deo
1157 1279 1189 1306 et
1213 1276 1352 1314 simplici

940 1323 1037 1363 Laus,
1065 1323 1176 1363 honor,
1204 1323 1318 1362 virtus,
1345 1324 1458 1364 gloria.

938 1371 998 1410 Qui
1025 1370 1236 1402 Fortunatam
1263 1372 1419 1413 condidit,

941 1419 1043 1450 Ducat
1070 1427 1127 1449 nos
1154 1419 1196 1450 ad
1222 1420 1392 1459 magnalia.

266 1474 347 1501 Offic.
380 1484 431 1500 ins,
461 1484 498 1501 ss.
529 1476 706 1504 Fortunatae
735 1482 763 1504 et
790 1478 931 1505 Gaudiosi
959 1487 1034 1505 saec.
1065 1478 1107 1507 16.
1136 1479 1206 1506 Cod.
1236 1481 1373 1508 Vatican.
1403 1482 1509 1517 Regin.

193 1510 273 1539 1794.
296 1514 329 1539 Α.
351 1527 386 1532 -
409 1513 489 1540 offic.
511 1523 548 1540 ss.
572 1515 750 1542 Fortunatae
773 1520 801 1543 et
821 1516 963 1543 Gaudiosi
986 1519 1054 1553 imp.
1077 1518 1203 1553 Neapoli
1227 1517 1309 1546 1568.
1326 1521 1356 1546 Β.
1383 1535 1420 1538 —
1445 1520 1468 1547 1.
1493 1519 1505 1546 l

189 1551 241 1577 der
257 1550 440 1587 Eigenname
463 1554 535 1578 §tort
559 1552 621 1579 hier
637 1554 693 1579 den
708 1554 872 1589 Rhythmus
887 1557 941 1582 wie
957 1557 996 1582 im
1014 1558 1135 1591 vorigen
1152 1557 1289 1592 Hymnus
1304 1558 1356 1585 das
1372 1559 1509 1585 Metruni.

194 1605 226 1608 —
249 1587 274 1618 2,
298 1588 315 1615 3
336 1591 516 1624 praeteriens
538 1591 569 1617 Β.
591 1606 627 1609 -
649 1590 674 1623 2,
695 1592 713 1618 4
728 1594 852 1619 Auream
875 1595 970 1620 victor
985 1596 1042 1620 AB.
1059 1609 1094 1613 —
1116 1594 1142 1626 3,
1164 1593 1181 1622 ἵ.)
1196 1596 1312 1631 Fugant
1333 1605 1410 1632 quae
1426 1599 1456 1624 B.
1472 1613 1507 1616 —

189 1626 216 1659 3,
237 1626 255 1654 4
278 1627 290 1652 Ι
312 1629 466 1660 pervenire
488 1629 524 1657 B:
547 1629 702 1657 Pei-venire
722 1631 757 1656 ad
778 1632 811 1657 A.
829 1646 862 1649 —
883 1631 910 1660 4,
932 1631 949 1658 4
970 1641 1040 1659 vera
1055 1633 1086 1659 B.
1103 1648 1139 1651 —-
1160 1633 1186 1665 5,
1210 1633 1224 1660 1
1246 1635 1504 1670 augensclieinlicli

187 1665 331 1692 verderbt.
354 1679 388 1683 —
412 1664 436 1695 6,
463 1665 475 1692 l
500 1667 560 1693 Deo
579 1671 607 1694 et
628 1668 731 1695 humili
754 1670 813 1696 AB.

608 1759 674 1790 246.
716 1760 757 1791 De
778 1764 886 1793 sancto
908 1763 1081 1794 Francisco.

746 1811 794 1838 Ad
816 1813 942 1839 Horas.

191 1868 221 1900 1.
250 1867 412 1898 Memento
439 1868 540 1899 nostri
565 1869 690 1909 iugiter,
877 1874 907 1904 2.
937 1872 1001 1904 Pro
1027 1873 1090 1904 tuis
1115 1883 1173 1905 ora
1198 1873 1284 1910 filiis,

250 1914 433 1951 Francisce,
461 1920 554 1955 pater
576 1917 695 1953 inclite,

250 1962 315 1994 Fac
342 1972 399 1994 nos
425 1962 551 2005 [temet]
578 1965 736 1996 veraciter

249 2010 317 2042 Tuo
343 2012 460 2042 sectari
484 2013 622 2046 tramite,

936 1920 980 1952 Ut
1007 1920 1159 1953 crucifixo
1185 1922 1344 1961 placeant,

938 1968 1072 1999 Precum
1098 1973 1225 2001 tuarum
1251 1971 1366 2002 studiis

940 2016 1045 2047 Vitam
1072 2022 1234 2048 aeternam
1262 2018 1407 2051 habeant.

530 2081 562 2112 3.
590 2080 730 2120 Patrem,
757 2086 875 2121 natum,
901 2083 1092 2122 paraclitum

589 2128 745 2167 Laudent,
773 2130 908 2162 adorent
932 2132 1049 2172 omnia,

590 2177 652 2208 Per
677 2177 769 2208 huius
795 2179 897 2210 sancti
923 2180 1069 2211 meritum

590 2223 676 2256 Salvi
704 2225 800 2257 simus
826 2226 858 2257 in
885 2227 998 2266 gloria.

265 2284 371 2310 Horar.
415 2293 467 2311 ms.
502 2285 727 2313 Franciscanum
760 2295 835 2314 saec.
870 2286 912 2315 15.
940 2289 1010 2316 Cod.
1039 2290 1132 2317 Vatic.
1160 2291 1264 2327 Regin.
1298 2291 1359 2320 165.
1388 2308 1424 2312 —
1452 2295 1508 2322 Die

188 2321 310 2356 sibrigen
340 2322 477 2357 Hymnen
507 2326 565 2350 und
596 2324 815 2358 rhythmischen
840 2326 1027 2362 Antiphonen
1054 2332 1107 2355 etc.
1135 2329 1231 2357 dieses
1254 2331 1508 2368 Stundengebete‹

186 2359 253 2386 sind
289 2360 352 2387 dem
387 2362 611 2396 gewohnliehen
645 2363 974 2392 Franziskus-Officium
1008 2366 1149 2394 entlehnt.
1205 2370 1266 2396 Das
1301 2371 1507 2399 Invitatorium

187 2398 293 2463 lalutet:
317 2400 426 2435 Regem
449 2401 607 2432 Christum.
631 2403 682 2437 qui
704 2403 891 2430 franciscum
914 2404 1040 2432 Ornavit
1059 2405 1143 2433 donis
1166 2409 1315 2443 insignum
1337 2406 1380 2445 [83
1401 2411 1509 2439 Venite

186 2447 211 2464 a*
227 2446 351 2464 Ul‘emus.
