1653 2656
871 174 940 209 233
990 196 1037 201 —

583 267 638 300 11.
667 268 810 311 Praesta,
838 272 966 305 trinitas
993 274 1098 317 beata,

662 317 786 350 Cuncta
811 329 892 359 quae
917 322 1002 362 regis
1029 327 1147 363 creata,

663 365 706 396 Et
733 367 784 398 cui
811 369 935 401 exstitit
961 374 1055 412 grata

664 413 781 446 Sancta
807 416 899 458 virgo
925 418 1122 461 Margareta.

306 502 415 537 Hymn.
440 513 492 532 ms.
515 506 544 533 S.
567 507 647 534 Petri
669 510 755 536 Mart.
778 511 897 539 Utinen.
921 520 995 541 saec.
1022 513 1063 541 16.
1083 516 1152 542 cod.
1176 517 1264 544 Civit.
1286 517 1407 546 Utinen.
1430 530 1452 547 s.
1475 530 1502 548 n.
1528 537 1560 541 —

231 537 260 569 1,
290 539 308 567 3
330 550 466 577 sponsu-5.
488 558 525 562 —
546 544 582 577 4,
612 544 630 574 3
653 552 759 575 manet.
782 564 817 568 —
837 549 867 581 5.
891 549 908 578 2
929 553 990 580 ¹Sub
1011 553 1092 580 fehlt.
1118 570 1153 574 —
1175 554 1207 585 8,
1230 554 1247 581 3
1270 556 1382 592 lugiter
1403 559 1501 586 choro.
1523 574 1560 578 —

234 576 276 610 10,
301 578 313 606 l
338 581 378 608 Ut
399 581 534 617 adipisci.

616 718 683 749 388.
728 721 769 751 De
791 728 815 751 s,
839 721 939 753 Maria
960 723 1168 764 Aegyptiam.

540 808 569 840 1.
599 808 748 841 canimus
775 811 905 843 laudum
933 813 986 852 pia
1013 819 1096 853 vota,
1125 816 1262 855 Christe,

595 856 673 888 Eius
700 867 780 897 quae
807 860 904 891 vitam
932 863 1047 893 meruit
1075 864 1235 903 pudicam,

597 906 682 936 Ante
708 907 875 946 culparum
903 908 1026 941 fecibus
1053 912 1208 950 pollutam

738 955 889 987 Reddere
915 957 984 989 tibi.

535 1049 564 1082 2,
593 1048 764 1089 Aegyptus
791 1052 951 1090 quondam
979 1062 1055 1084 vera
1082 1059 1225 1086 monstra
1252 1056 1335 1090 tulit,

589 1095 738 1128 Gentium
769 1098 831 1130 diis
857 1101 1017 1132 maculata
1044 1103 1163 1138 multis,

590 1144 728 1176 Protulit
755 1147 884 1178 tandem
913 1150 1010 1180 eremi
1041 1150 1207 1182 cultricem

714 1193 817 1226 Nobis
844 1195 994 1229 Mariam.

529 1289 559 1321 3.
589 1289 712 1320 Pressit
738 1291 857 1331 algoris
886 1292 1009 1324 duriter
1035 1298 1066 1324 et
1093 1299 1181 1326 artus

583 1338 703 1370 Aestus
729 1342 760 1370 et
788 1339 880 1371 famis
908 1341 1034 1373 beatam
1062 1343 1178 1383 rigore,

583 1385 704 1418 Multos
731 1396 790 1427 per
816 1398 916 1420 annos
943 1390 1091 1422 habitans
1118 1392 1150 1422 in
1177 1393 1268 1424 silvis

729 1436 827 1468 Casta
853 1437 968 1469 fidelis.

525 1533 555 1562 4.
581 1530 695 1562 Abluit
721 1533 833 1564 sordes
861 1535 1003 1566 maculas
1030 1536 1155 1575 peceati

583 1579 750 1619 Lacrymis
777 1581 885 1613 cordis
912 1583 1040 1622 penitus
1068 1584 1268 1627 abstergens,

582 1627 754 1668 Usquequo
782 1629 841 1661 Dei
868 1631 999 1663 semitas
1029 1632 1203 1665 decurrens

724 1676 858 1710 Scandit
884 1680 925 1711 ad
953 1684 1051 1713 astra.

518 1774 549 1806 5.
578 1773 626 1806 Sit
652 1774 791 1806 trinitati
818 1775 926 1818 decus,
955 1777 1066 1817 honor,
1095 1779 1208 1819 virtus,

578 1821 674 1853 Cuius
702 1823 851 1856 clementi
878 1825 1022 1857 bonitate
1050 1828 1113 1858 reis

576 1869 721 1902 Gratiam
749 1877 893 1912 praestat
921 1875 1110 1916 veniamque
1138 1877 1260 1909 donans

695 1920 808 1952 Efficit
832 1922 944 1955 iustos.

277 2010 383 2039 Officia
406 2022 458 2040 ms.
480 2014 626 2042 Toletana
648 2023 723 2044 saec.
749 2016 792 2045 17.
816 2017 885 2045 Cod.
911 2020 1005 2047 Vatic.
1029 2022 1129 2048 Ottob.
1151 2020 1216 2049 702.

550 2187 617 2219 389.
660 2188 702 2220 De
724 2193 835 2221 sancta
857 2191 957 2222 Maria
978 2192 1187 2233 Aegyptiam.

721 2261 762 2288 In
793 2259 818 2288 1.
841 2262 1032 2298 Vesperis.

197 2346 230 2378 1.
258 2344 388 2377 Summe
414 2346 604 2389 redemptor
629 2350 780 2393 omnium,

253 2393 377 2433 Honor,
402 2394 506 2428 virtus
531 2395 686 2439 fidelium,

255 2442 478 2483 Aegyptiacae
503 2445 655 2485 precibus

251 2491 378 2524 Adesto
403 2493 508 2525 nostri
534 2494 678 2527 vocibus.

897 2353 928 2386 2.
957 2352 1039 2384 Nam
1067 2353 1099 2384 in
1128 2353 1221 2385 huius
1248 2354 1421 2393 praeconia

958 2400 1115 2433 Praesens
1142 2402 1269 2442 plaudit
1296 2403 1443 2443 ecclesia,

953 2450 1054 2490 Quam
1079 2460 1291 2490 supernorum
1320 2453 1409 2485 curia

958 2498 1139 2531 Veneratur
1165 2509 1236 2531 cum
1264 2500 1377 2541 gloria.
