1653 2656
721 113 952 149 -56-

545 292 590 322 87.
630 291 662 323 111
685 292 766 324 festo
787 293 818 324 B.
839 293 958 325 Mariae
981 293 1126 325 Pietatis.

699 382 738 408 In
763 382 965 410 Laudibus.

178 485 208 516 1.
237 483 337 515 Flexo
363 493 454 524 genu,
482 485 549 517 zelo
575 486 630 525 pio

236 532 306 562 Hoc
332 533 489 571 passionis
515 537 658 574 tempore

236 579 351 610 Matris
377 580 575 612 celebremus
602 581 662 613 Dei

236 627 471 666 (ss'ompassionis
497 629 655 660 lacrimas.

173 732 204 762 2.
235 733 299 763 lain
329 732 455 764 Simeon
481 733 687 772 praedixerat

233 780 350 811 Sancto
374 781 515 820 repletus
541 780 677 820 fiamine,

233 827 315 859 Dum
343 831 373 858 te
400 828 524 860 beatam
551 829 732 873 plurimum,

232 875 256 907 O
283 876 432 915 gloriosa,
461 877 591 916 diceret,

171 980 202 1011 3.
231 979 365 1011 Gnatum
394 985 479 1011 tuum
507 982 621 1022 pignus
648 981 717 1014 fore

231 1027 368 1058 Nostrae
394 1029 506 1059 salutis
532 1034 561 1060 et
588 1030 680 1071 viam,

233 1076 300 1113 Qua
325 1077 548 1108 scanderemus
575 1078 724 1109 caelicam

229 1123 438 1154 Anfractibus
465 1125 557 1155 motis
584 1125 719 1158 domum.

170 1228 200 1257 4.
230 1227 292 1258 Hic
318 1228 349 1258 in
377 1229 497 1260 ruinam
522 1228 654 1268 perfidis

230 1275 445 1314 Tangentibus
471 1286 563 1316 quam
591 1278 716 1315 ceteris,

231 1322 307 1353 Post
333 1323 391 1354 hac
417 1327 503 1355 tuum
530 1325 587 1356 sed
613 1326 761 1364 spiritum

229 1369 324 1401 Ensis
352 1371 471 1403 doloris
498 1373 642 1405 transiet.

863 491 894 521 5.
923 489 1020 520 Vates
1047 489 1167 528 probus
1193 495 1387 530 cognoverat

921 537 1044 568 Doctus
1071 546 1210 577 superno
1236 538 1367 578 lumine,

919 584 1010 624 Quod
1037 583 1121 616 filius
1148 590 1220 617 tuus
1246 595 1303 618 suo

921 632 988 663 Nos
1014 632 1168 665 liberaret
1194 634 1358 674 sanguine.

884 763 891 770 .
919 738 1006 777 Ergo
1034 738 1127 770 decet
1152 742 1216 770 tam
1243 739 1412 779 mysticum

917 785 1095 825 Exemplar
1120 787 1192 818 imis
1216 787 1363 819 sensibus

917 833 954 864 In
980 838 1085 866 mente
1113 834 1205 866 firma
1231 835 1387 876 condere3

916 881 1020 920 Quare
1047 892 1194 922 rogemus
1220 884 1401 923 supplices:

880 1012 887 1019 .
914 986 1030 1025 Maria,
1058 987 1200 1019 lacrimis
1226 989 1289 1020 tuis

916 1035 984 1066 Fac
1011 1044 1068 1066 nos
1094 1035 1238 1067 lavemur
1263 1037 1424 1076 sordibus,

914 1082 959 1114 Ut
985 1086 1057 1121 post
1084 1083 1153 1114 dies
1179 1083 1264 1115 vitae
1289 1084 1396 1116 brevis

913 1129 1084 1161 Laetemur
1109 1131 1141 1162 in
1169 1132 1371 1165 caelestibus.

878 1260 885 1267 .
913 1234 938 1266 Ο
965 1243 1052 1275 crux,
1079 1245 1149 1274 ave,
1176 1245 1249 1277 spes
1275 1238 1375 1277 unita,

913 1282 983 1312 Hoc
1009 1283 1168 1322 passionis
1194 1288 1348 1325 tempore,

912 1331 1003 1369 Auge
1030 1331 1091 1369 piis
1116 1332 1270 1363 iustitiam

914 1377 1050 1417 Reisque
1078 1379 1160 1410 dona
1187 1381 1321 1413 veniam.

525 1478 555 1510 9.
581 1477 636 1519 Te,
665 1487 786 1511 summa
811 1480 898 1512 Deus
926 1482 1063 1514 trinitas.

240 1583 323 1610 Brev.
347 1584 536 1612 Xantonense
559 1587 627 1621 imp.
650 1587 774 1614 Pictavii
799 1587 880 1616 1542.

589 1776 634 1806 88.
676 1775 709 1806 lu
731 1777 946 1818 Assumptione
969 1779 1055 1810 mlv.

167 1872 196 1903 1.
225 1872 339 1909 Maria,
367 1873 455 1912 virgo
482 1874 647 1916 virginum,

224 1923 309 1958 Quae
336 1921 471 1960 genuisti
498 1921 667 1954 Dominum

224 1967 298 1999 Sine
326 1968 410 1999 virili
437 1970 566 2010 semine,

221 2015 337 2047 Verum
364 2017 468 2048 lumen
496 2017 535 2048 de
560 2018 689 2051 lumine.

159 2122 191 2155 2.
219 2121 266 2152 Tu
292 2122 360 2153 sola
386 2123 469 2153 vitae
494 2123 600 2160 ianua,

219 2169 291 2200 Tibi
317 2170 357 2200 sit
383 2171 450 2201 laus
476 2171 615 2210 assidua,

218 2218 338 2255 Virtus,
367 2218 463 2249 decus
489 2220 683 2258 continuum,

221 2265 390 2304 Imperium
416 2270 615 2306 perpetuum.

848 1879 878 1911 3.
908 1879 1042 1919 Largire
1066 1880 1158 1912 nobis
1184 1883 1331 1914 omnibus

906 1927 958 1958 Ad
986 1931 1017 1958 te
1044 1927 1302 1970 confugientibus

908 1975 969 2006 Per
996 1976 1040 2006 tui
1066 1977 1133 2007 nati
1159 1979 1294 2017 gratiam

909 2023 1117 2055 Aeternitatis
1143 2025 1289 2064 gloriam.

871 2152 878 2159 .
905 2127 1018 2159 Gloria
1044 2129 1112 2168 tibi,
1141 2130 1286 2174 Domine,

907 2176 966 2214 Qui
993 2181 1085 2208 natus
1110 2187 1143 2209 es
1170 2180 1210 2211 de
1235 2181 1369 2222 virgine,

907 2223 984 2255 Cum
1012 2229 1105 2264 patre
1134 2232 1164 2258 et
1191 2233 1302 2261 sancto
1330 2231 1446 2272 spiritu

905 2272 943 2304 In
970 2274 1165 2313 sempiterna
1188 2278 1326 2310 saecula.

232 2375 315 2402 Brev.
332 2386 382 2402 ms.
400 2378 568 2404 Senonense
583 2387 658 2405 saec.
678 2377 720 2405 14.
737 2379 807 2407 Cod.
823 2381 959 2409 Vatican.
979 2383 1051 2419 Reg.
1069 2382 1132 2411 153.
1152 2400 1184 2404 —-
1202 2387 1287 2415 Brev.
1304 2390 1476 2420 Senonense

153 2414 224 2447 imp.
246 2414 368 2440 Parisiis
393 2414 473 2442 1519.
