1653 2656
755 148 802 152 —
851 130 918 166 251

680 260 744 292 419.
787 263 830 294 De
852 266 962 296 sancto
983 265 1100 297 Mauro.

765 332 816 359 Ad
838 333 998 362 Laudes.

217 400 248 433 1.
276 401 356 443 Iam,
382 403 500 437 Maure
524 408 656 439 summis
682 409 825 442 coetibus

276 449 473 484 Coniunctus
500 454 532 486 in
560 456 764 498 caelestibus,

273 498 310 530 In
338 500 423 532 valle
451 500 546 534 fletus
572 504 694 543 positos

273 546 359 579 Tuos
386 550 491 582 revise
517 551 675 585 subditos.

212 643 244 675 2.
273 643 334 682 Qui
362 642 478 677 fraude
505 652 633 687 raptum
660 649 824 682 daemonis

270 690 484 725 Resuscitasti
510 700 681 735 mortuum,

268 738 336 771 Nos
363 742 515 780 precibus
542 748 572 774 et
599 745 722 776 meritis

269 787 301 819 A
328 794 431 821 morte
457 791 547 823 salva
574 793 754 826 criminum.

207 884 239 916 3.
268 883 319 915 De
347 889 379 916 te
406 886 572 926 loquentes
598 889 734 929 perfide,

268 931 360 964 Duro
388 935 530 974 repletos
558 938 721 977 daemone,

267 979 371 1012 Sanos
399 983 503 1015 crucis
529 984 689 1017 iuvamine

265 1027 339 1060 Non
369 1030 524 1062 distulisti
550 1033 699 1066 reddere.

915 413 946 444 4.
976 413 1075 455 Ergo.
1104 421 1199 455 pater
1220 418 1432 460 sanctissime,

976 462 1062 493 Tuos
1088 472 1241 503 sequaces
1268 466 1402 506 respice,

973 510 1107 542 Hostem
1132 513 1253 552 repelle
1280 515 1463 555 pessimum,

973 557 1111 599 Gregem
1139 559 1212 592 fove
1237 563 1460 595 monasticum.

934 677 941 685 .
970 653 1038 686 Tuo
1066 661 1199 694 precatu
1225 657 1329 696 iurgia

969 701 1136 734 Pellantur
1163 708 1192 735 et
1223 705 1366 742 lascivia,

967 749 1086 782 Christi
1115 752 1276 785 ministros
1303 755 1420 785 caritas

969 797 1013 829 Et
1040 801 1156 831 mentis
1183 807 1275 832 ornet
1301 803 1435 842 puritas.

915 894 940 925 ².
969 893 1099 927 Summo
1126 897 1212 935 patri
1238 906 1276 929 ac
1302 897 1379 937 filio,

969 943 1047 974 Cum
1075 944 1191 982 spiritu
1218 947 1375 984 paraclito

967 990 1031 1022 Uni
1058 990 1138 1031 Deo,
1165 993 1206 1023 sit
1233 994 1335 1032 gloria

968 1038 1030 1069 Per
1056 1040 1185 1070 saecula
1211 1043 1375 1080 perennia.

279 1113 363 1141 Offie.
394 1124 447 1142 ms.
473 1116 501 1144 S.
524 1118 621 1144 Mauri
648 1127 724 1146 saec.
749 1117 791 1146 12.
816 1129 861 1147 ex.
885 1121 956 1148 cod.
981 1123 1192 1159 Petroburgen.
1215 1127 1236 1152 F
1260 1127 1271 1153 Ι
1294 1125 1339 1154 27.
1366 1142 1397 1146 —
1421 1129 1537 1156 Daraus

199 1151 308 1179 Gillert
329 1153 347 1179 1.
369 1161 394 1180 c.
417 1152 471 1181 611
495 1164 522 1182 u.
545 1156 563 1182 f.

647 1299 719 1330 ⁴20.
763 1301 804 1332 De
827 1303 936 1333 sancto
959 1303 1077 1334 Mauro.

714 1371 753 1397 In
777 1369 801 1398 l.
823 1372 1019 1408 Vesperis.

199 1452 229 1484 1.
259 1452 531 1493 Congratulemur
556 1456 696 1490 Domino

255 1500 410 1534 Sollemni
439 1512 510 1534 cum
537 1505 682 1545 tripudio

251 1549 325 1581 Diei
354 1550 446 1582 huius
472 1561 578 1584 annua

252 1597 445 1631 Recolentes
472 1601 651 1636 sollemnia.

190 1695 224 1727 2.
253 1695 292 1726 In
319 1704 381 1735 qua
408 1697 507 1728 exivit
535 1698 696 1731 hominem

254 1743 377 1775 Terrae
408 1747 635 1779 commendans
662 1750 829 1788 pulverem

249 1792 396 1826 Maurus.
425 1793 593 1827 confessor
617 1797 758 1840 inclitus,

249 1840 341 1873 Caeli
369 1843 558 1876 coniunctus
585 1845 720 1880 civibus.

184 1939 216 1971 3.
245 1937 382 1970 Clausus
409 1940 442 1971 iu
470 1942 577 1973 carnis
604 1951 734 1975 carcere

245 1987 382 2020 Crucem
410 1990 553 2029 portavit
579 1999 726 2032 corpore,

243 2035 382 2068 Contriti
410 2039 520 2070 cordis
547 2040 670 2080 optima

244 2085 304 2116 Est
333 2084 438 2118 factus
464 2088 546 2128 iugis
574 2089 715 2122 victima.

179 2185 211 2214 4.
240 2181 309 2221 Qua
335 2188 540 2223 praesentem
569 2185 717 2218 deificam

236 2230 446 2264 Monstrabat
473 2233 536 2264 sibi
563 2235 712 2275 gratiam,

236 2278 336 2310 Bonis
363 2280 470 2312 clarus
496 2282 649 2322 operibus

234 2327 351 2360 Multis
376 2333 473 2369 atque
499 2331 685 2366 virtutibus,

895 1464 926 1494 5.
953 1462 1034 1493 Nam
1064 1463 1178 1503 caecis,
1209 1464 1343 1506 claudis,
1374 1468 1490 1498 ceteris

952 1511 1069 1550 Aegris
1096 1521 1134 1542 ac
1160 1512 1264 1544 tribus
1290 1515 1424 1546 mortuis

952 1558 1072 1591 Salutis
1100 1561 1313 1593 medicamina

950 1607 1018 1647 Ope
1046 1608 1178 1640 donavit
1206 1611 1336 1644 caelica.

919 1730 925 1737 .
953 1704 1101 1737 Sodalem
1130 1708 1231 1738 traxit
1257 1717 1405 1748 aequore,

950 1753 1100 1786 Fratrem
1128 1755 1231 1787 lusum
1258 1766 1276 1787 a
1305 1757 1460 1788 daemone

949 1802 1121 1842 Perspexit
1149 1803 1313 1836 efficacius

947 1852 997 1882 Ac
1024 1853 1127 1892 patris
1155 1854 1237 1884 viam
1269 1854 1413 1886 caelitus

911 1973 917 1979 .
947 1947 1042 1979 Cuius
1069 1949 1172 1980 adiuti
1200 1949 1350 1989 precibus

943 1997 993 2027 Ac
1019 1998 1130 2028 mundi
1158 1998 1261 2037 culpis
1288 1998 1435 2030 omnibus

944 2045 1132 2076 Reddamur
1160 2046 1248 2086 digni
1276 2053 1406 2078 strenue

942 2093 1034 2124 Dono
1062 2095 1214 2133 perennis
1241 2096 1373 2134 gloriae.

907 2215 913 2221 .
942 2189 990 2221 Sit
1017 2190 1098 2229 laus,
1128 2191 1225 2222 decus
1253 2196 1283 2222 et
1310 2193 1411 2231 gloria

940 2237 1075 2278 Regenti
1104 2244 1219 2271 cuncta
1246 2241 1385 2281 saecula,

939 2287 1030 2318 Patri
1057 2287 1124 2319 Deo
1152 2297 1222 2319 cum
1251 2288 1317 2321 filio

935 2335 979 2366 Et
1006 2336 1123 2375 spiritu
1150 2338 1319 2376 paraclito.

250 2412 333 2440 Offic.
362 2422 416 2440 ms.
445 2413 474 2441 S.
503 2415 611 2442 Mauri.
640 2425 717 2444 saec.
748 2416 790 2445 12.
817 2427 862 2446 ex.
892 2419 962 2447 Cod.
992 2421 1205 2458 Petroburgen.
1236 2424 1341 2451 memb.
1373 2426 1422 2453 lat.
1453 2428 1510 2455 ΡΙ

169 2449 215 2477 27.
231 2465 269 2468 -
284 2452 402 2479 Daraus
422 2461 482 2480 von
499 2454 535 2480 K.
551 2453 660 2483 Gillert
675 2457 705 2483 in
723 2458 853 2494 Brieger,
879 2458 1007 2486 Zeitsch.
1024 2460 1040 2487 f.
1058 2461 1290 2497 Kirchengesch.
1307 2463 1359 2491 IV.
1377 2464 1433 2493 ,505
1451 2476 1477 2494 u.
1494 2468 1510 2494 f.
