1653 2656
729 143 984 177 —114—

607 239 668 270 194.
709 238 749 269 De
771 239 879 268 sancto
901 233 1100 267 Criscentino.

673 298 724 325 Ad
751 297 857 332 Vesp.
878 299 913 323 et
935 295 1037 322 Nnct.

203 384 233 416 1.
261 380 450 415 Criscentini
477 378 591 411 militia

259 428 372 461 Mundi
399 426 515 458 devicit
542 425 628 465 vitia,

262 477 369 508 Noxas
393 473 542 506 abstersit
569 472 723 504 scelerum

263 524 417 556 Conditor
443 521 527 552 alme
551 520 704 552 siderum.

203 604 235 636 2.
264 602 378 640 Legem
406 598 544 630 divinam
570 596 739 631 meditans,

263 649 379 680 Hostes
406 651 535 677 cunctos
563 643 782 683 suppeditans,

264 697 357 728 Hunc
381 693 551 725 illustravit
578 692 709 723 caelitus

262 745 293 776 A
316 745 411 783 patre
438 740 632 781 uniyenitus.

209 823 240 854 3.
269 821 417 852 Edictum
444 818 593 857 princeps
620 815 764 855 protulit,

268 868 357 906 Quod
384 865 601 899 Criscentinus
627 863 767 903 propulit

269 914 421 947 Proiectis
447 911 661 950 libaminibus,

266 962 412 995 Exsulta
437 961 556 993 caelum
582 959 742 990 laudibus.

212 1042 243 1073 4.
271 1039 432 1072 Christum
458 1035 577 1067 fatetur
601 1034 701 1065 libere

270 1086 384 1126 Corde,
411 1093 465 1116 ore
491 1089 520 1114 et
547 1091 653 1122 opere.

273 1135 332 1165 Pro
358 1138 389 1164 te
413 1131 522 1163 suffert
548 1130 743 1169 martyrium,

271 1180 404 1217 Christe,
431 1179 610 1217 redemptor
635 1177 791 1208 omnium.

885 377 914 405 5.
944 371 1174 408 Criscentinus‚
1201 373 1325 411 martyr
1350 370 1422 412 Dei,

944 419 1059 451 Calens
1085 417 1212 449 fervore
1237 417 1324 453 fidei.

946 467 1051 498 Decus
1077 467 1203 505 accepit
1229 465 1343 507 bravii,

946 514 1075 546 suvnmi
1102 513 1237 554 laryitor
1260 513 1418 556 praemii.

901 594 922 625 ².
952 592 1071 623 Narrat
1097 591 1165 622 eius
1191 590 1350 630 magnalia

951 639 1142 674 Urbinensis
1169 638 1314 676 eeclesia,

953 689 1061 727 Ipsum
1088 687 1254 718 laudemus
1280 685 1405 716 cantico

950 736 1003 768 Es
1030 744 1116 766 more
1143 734 1226 766 docti
1251 733 1396 777 mystico.

892 814 921 847 ”.
951 812 1052 844 Deum
1080 811 1168 842 videt
1191 810 1224 841 in
1249 809 1348 841 iubilo

950 860 1085 891 Abiecto
1112 858 1217 890 carnis
1244 857 1364 896 nubilo,

950 908 1027 939 Cum
1054 911 1175 938 mutant
1202 905 1311 937 mundi
1339 913 1455 944 aspera

950 956 1091 987 Aeterna
1120 950 1241 986 Christi
1268 962 1417 986 munera,

917 1058 923 1064 .
950 1032 998 1063 Ex
1025 1030 1213 1062 Maximiani
1240 1029 1328 1061 rabie

951 1078 1058 1110 Effuso
1086 1086 1144 1117 pro
1170 1082 1201 1108 te
1227 1077 1380 1117 sanguiue

951 1126 1080 1157 Transit
1107 1125 1148 1156 ad
1176 1130 1206 1155 te
1233 1133 1304 1156 cum
1331 1125 1457 1165 gaudio,

952 1173 1036 1205 Iesu.
1066 1174 1176 1204 nostra
1204 1173 1393 1212 redemptio.

553 1258 582 1287 9.
612 1255 690 1291 Rex,
718 1257 820 1292 pater.
847 1256 955 1282 sancte
981 1250 1124 1289 spiritus,

612 1302 780 1341 Rogamus,
807 1303 950 1338 praestes
977 1298 1108 1329 caelitus

610 1350 685 1381 Post
710 1348 818 1378 mundi
844 1347 936 1378 liuius
962 1346 1067 1376 tristia

610 1397 715 1428 Beata
746 1395 834 1426 nobis
859 1394 994 1434 quadiu,

291 1481 371 1507 (affin.
393 1488 444 1505 ms.
467 1481 496 1505 S.
518 1477 695 1504 Criscentini
717 1484 791 1502 saec.
817 1474 859 1501 15.
881 1482 924 1500 ex.
947 1473 1015 1499 Cod.
1038 1473 1172 1499 Vatican.
1194 1472 1298 1500 Urbin.
1324 1469 1406 1498 1750.

623 1607 682 1638 195.
723 1607 763 1636 De
785 1608 891 1636 sancto
914 1604 1112 1635 t'riscentino.

762 1666 809 1693 Ad
835 1665 988 1694 Laudes,

225 1750 255 1783 1.
285 1749 459 1788 Pangamus
486 1754 577 1787 nunc,
605 1744 770 1775 carissimi.

280 1797 381 1835 Dona,
409 1794 526 1826 fratres
551 1792 727 1826 laetissimi.

283 1847 423 1876 Aeterna
450 1842 567 1874 Christi
594 1840 793 1880 sumpsimus,

282 1891 462 1923 Laudemus
488 1890 571 1921 hunc
597 1888 746 1920 velocius,

221 1972 254 2003 2.
280 1968 488 2006 Criscentine‚
515 1966 555 1998 tis
581 1964 730 2005 precibus

282 2017 408 2049 Salvari
435 2024 503 2047 cum
529 2013 687 2051 fidelibus,

282 2065 341 2104 Qui
367 2069 421 2096 tuo
446 2063 556 2095 urbem
583 2069 716 2101 corpore

282 2113 418 2153 Dignam
442 2110 520 2143 facis
545 2117 754 2148 summopere.

903 1745 935 1776 3.
962 1742 1085 1781 Gaude,
1112 1743 1281 1782 praeclara
1308 1743 1433 1779 civitas,

963 1790 1009 1822 Sit
1036 1790 1094 1821 tibi
1120 1791 1274 1822 immensa
1301 1791 1428 1830 caritas,

963 1839 1008 1870 Te
1034 1839 1115 1878 regit
1141 1838 1234 1870 huius
1260 1838 1403 1880 largitas,

964 1885 1089 1918 Gaudet
1117 1895 1255 1926 superna
1283 1886 1423 1918 claritas.

931 1988 938 1995 .
967 1963 1186 2003 Languentum
1211 1964 1297 1995 omni
1324 1963 1471 1996 morbulo

964 2011 1007 2042 Et
1032 2011 1212 2051 aegrotanti
1237 2010 1362 2051 perfido

966 2058 1113 2090 Membra
1145 2063 1254 2098 sanat,
1290 2060 1354 2092 iam
1382 2059 1536 2092 foetidum

966 2106 1120 2148 Expellit‚
1149 2107 1203 2139 dat
1231 2107 1418 2140 diluculum.

557 2190 588 2220 5.
616 2185 716 2218 Nobis
742 2189 787 2226 tu,
815 2184 909 2225 Deus,
938 2183 1083 2223 subveni,

623 2233 775 2266 Precibus
802 2233 893 2264 huius
915 2231 1031 2264 adveni

623 2282 750 2314 Nostris
776 2281 913 2312 clemens
939 2279 1132 2320 pectoribus,

622 2331 723 2362 Ferre
745 2339 802 2361 nos
827 2329 861 2360 in
887 2328 1088 2360 caelestibus.

301 2413 382 2442 offic.
412 2422 465 2440 ms.
492 2413 522 2440 S.
547 2411 724 2441 Criscentini
754 2418 829 2438 saec.
859 2408 902 2436 15.
930 2418 973 2436 ex.
1003 2409 1074 2437 Cod.
1101 2410 1237 2436 Vatican.
1264 2409 1370 2438 Urbin.
1401 2409 1484 2439 1750.
1506 2425 1542 2431 —

225 2452 251 2487 2,
272 2452 291 2480 4
311 2453 438 2488 Dignam
460 2452 554 2479 fecisti
575 2458 726 2478 summere.
