1653 2656
677 118 942 153 —149—

579 212 649 243 252.
693 212 734 243 De
755 214 865 244 sancto
886 212 1046 244 Gaudioso.

685 263 734 290 Ad
756 263 954 300 Vesperas.

151 320 181 354 1.
210 320 378 360 supernae
404 321 485 353 lucis
513 322 645 354 claritas
846 325 879 356 4.
906 323 970 354 Hic
995 323 1119 363 regulat
1145 321 1304 363 flagitium

207 368 334 402 Novum
362 369 518 410 collegam
545 371 672 411 recipit,
906 370 1055 403 Perfidae
1079 371 1182 411 gentis
1209 370 1378 410 proelium.

209 417 376 450 Irradiata
403 419 524 450 veritas
905 419 1041 459 Templo
1067 419 1154 450 tollit
1180 418 1373 458 supplicium

211 466 240 497 A
268 465 340 497 diro
368 469 473 498 taetro
501 467 642 502 redimit.
907 467 1053 500 Peractis
1079 468 1120 498 ad
1148 467 1305 499 exsilium.

150 544 183 576 2.
214 543 249 574 in
277 546 404 574 noctem
429 553 545 583 nempe
571 545 691 576 saeculi
849 548 881 578 5.
908 545 975 584 Quo
1002 545 1144 584 repletus
1173 544 1286 576 deifice

213 591 334 623 Plenus
361 590 451 623 fulsit
479 592 654 624 virtutibus
908 593 999 624 Plebi
1027 591 1151 632 profert
1179 592 1335 633 salvifica,

211 639 326 672 Clarus
354 640 498 672 director
524 641 635 680 populi
909 641 1036 681 Ubique
1061 640 1148 672 fatur
1173 640 1356 672 authentice

212 688 309 719 Velut
337 689 459 720 caelum
488 688 660 722 sideribus.
911 689 970 720 Dei
998 698 1115 729 praeco
1142 688 1287 721 mirifica.

154 765 185 799 3.
213 766 292 799 Cum
320 774 437 805 corpus
464 765 532 796 eius
558 766 685 803 teritur,
852 768 882 798 6.
913 766 994 798 Dum
1023 766 1145 805 patitur
1173 765 1389 805 dispendium,

215 813 376 855 Lymphis
403 813 495 853 ponit
522 814 676 854 edulium,
912 814 1017 846 Datur
1044 814 1167 845 sollerti
1194 814 1315 851 studio,

215 862 339 894 Lumen
366 871 383 893 e
410 862 499 894 caelo
527 861 673 894 funditur
914 863 1060 894 Christus
1088 863 1154 893 eius
1183 862 1342 901 ingenium

216 910 390 943 Illustrans
417 910 505 942 orbis
533 911 705 942 saeculum.
912 910 975 942 Suo
1003 909 1147 950 perfudit
1174 910 1274 941 radio.

583 989 613 1019 7.
641 987 813 1019 Trinitatis
839 987 974 1027 imperio

640 1035 769 1067 Laudes
796 1036 956 1067 solvamus
981 1034 1122 1071 modulo.

643 1084 817 1123 Utriusque
842 1083 1001 1123 paraclito

643 1132 762 1164 Munus
792 1141 941 1163 canamus
968 1131 1078 1162 iubilo.

232 1209 314 1237 Offic..
338 1218 391 1236 nis.
415 1218 452 1236 ss.
475 1209 656 1236 Fortunatae
679 1213 707 1235 et
728 1208 873 1235 Gaudiosi
897 1216 973 1234 saee.
998 1206 1040 1233 lli.
1064 1207 1135 1233 cml.
1158 1207 1294 1232 Vatican.
1311 1207 1382 1241 Reg.
1409 1204 1489 1232 1794.

155 1249 189 1276 A.
218 1263 255 1266 —
281 1248 364 1275 Offic.
400 1257 438 1275 ss.
466 1249 646 1275 Fortunatae
681 1251 710 1273 et
738 1247 880 1274 Gaudiosi
910 1248 979 1281 imp.
1008 1245 1135 1280 Neapoli
1169 1244 1251 1271 156⁸.
1280 1245 1317 1275 Β,
1347 1259 1383 1262 —
1415 1244 1442 1271 l.
1473 1243 1489 1270 4

156 1287 266 1315 redime
288 1288 320 1314 B.
346 1303 379 1306 -—
401 1286 428 1319 4,
451 1285 468 1314 2
490 1287 547 1313 Pro
570 1286 633 1313 fide.

588 1389 656 1420 253.
701 1390 742 1420 De
766 1390 874 1420 sancto
897 1387 1062 1419 Gaudioso.

667 1442 690 1467 Α
701 1441 717 1467 d
740 1441 792 1468 No
803 1444 835 1467 ct
846 1449 909 1467 urn
920 1449 983 1466 um.

159 1503 190 1535 1.
218 1503 291 1534 Iesu
317 1502 372 1533 lux
400 1510 476 1532 vera
504 1501 627 1539 rutilat,
854 1502 886 1532 4.
915 1500 1049 1531 Aestum
1077 1498 1205 1529 ardoris
1232 1500 1389 1536 temperat

218 1550 315 1582 Lucis
343 1550 495 1581 candoris
522 1549 659 1590 plenius.
915 1548 1049 1579 Stillans
1077 1556 1181 1578 rorem
1209 1545 1397 1577 munditiae.

219 1600 259 1632 Se
287 1599 471 1631 Gaudiosus
499 1598 617 1629 similat
915 1596 1050 1628 Carnem
1088 1595 1304 1634 mundumque
1333 1597 1489 1631 macerat,

219 1648 387 1687 Veraeque
414 1647 495 1678 lucis
522 1646 617 1679 filius.
917 1645 977 1676 Pro
1006 1645 1072 1676 vita
1098 1643 1311 1676 innocentiae.

158 1723 190 1756 2,
221 1720 300 1752 Nam
328 1720 422 1751 iubar
447 1719 562 1751 summi
587 1719 704 1750 sideris
855 1721 886 1750 5.
915 1718 977 1750 Hic
1004 1720 1109 1748 mente
1136 1725 1263 1747 sursum
1292 1714 1415 1746 habitat

220 1769 356 1809 Semper
384 1769 483 1809 gessit
508 1768 540 1799 in
571 1766 664 1807 facie,
914 1768 1014 1805 Quam
1042 1765 1165 1806 angelis
1193 1763 1352 1804 parificat,

218 1818 302 1850 Dum
337 1817 439 1849 calcat
468 1817 618 1848 thronum
644 1816 792 1857 agminis.
921 1815 1013 1846 Luxu
1041 1815 1183 1845 iacentes
1210 1813 1367 1854 increpat,

217 1867 300 1899 Fide
327 1866 428 1906 pollet
451 1866 483 1897 in
511 1866 591 1898 acie.
916 1863 983 1895 Nos
1008 1863 1127 1903 spiritu
1153 1861 1319 1894 laetificat.

159 1943 192 1975 3.
220 1942 347 1974 Pestem
376 1939 488 1971 mortis
516 1937 708 1969 exterminat
856 1939 887 1970 6.
916 1936 1003 1976 Ergo
1022 1939 1067 1973 tu„
1096 1940 1190 1975 pater
1216 1934 1377 1974 praedite,

218 1989 360 2030 Fulgore
387 1987 577 2028 sapientiae,
917 1986 1059 2017 Procura
1085 1984 1144 2015 tibi
1171 1982 1321 2021 subditis,

221 2038 285 2072 Sed
313 2037 403 2078 pacis
431 2037 515 2068 dono
543 2035 681 2067 cumulat
915 2035 953 2066 In
980 2033 1086 2074 patria
1112 2033 1175 2063 iam
1203 2031 1326 2069 inclite,

218 2088 304 2120 Reos
330 2095 389 2127 per
416 2086 536 2118 cultum
564 2084 698 2124 gratiae.
916 2082 983 2114 Nos
1011 2080 1187 2121 suffragare
1214 2079 1347 2111 meritis.

534 2159 563 2191 7.
591 2157 760 2190 Caelorum
789 2155 909 2195 frangit
936 2153 1043 2188 hostia

588 2206 704 2238 Nitens
732 2205 859 2237 decoris
886 2203 1011 2241 baculo,

589 2255 632 2288 Ut
660 2263 718 2294 per
744 2253 845 2294 ipsius
872 2252 988 2283 merita

590 2303 702 2335 Crucis
730 2302 892 2334 salvemur
918 2300 1039 2333 baiulo-

234 2377 317 2406 Offie.
340 2386 394 2404 ms.
418 2385 455 2403 ss.
478 2375 660 2402 Fortunatae
684 2376 713 2401 et
733 2372 877 2401 Gaudiosi
901 2380 977 2399 saec.
1006 2369 1047 2398 16.
1071 2370 1293 2397 Cod.Vatican.
1315 2371 1387 2407 Reg.
1413 2369 1495 2398 1794.

156 2419 192 2447 A.
214 2434 250 2437 —
275 2416 358 2445 Offic.
387 2425 426 2443 35.
448 2415 630 2442 Fortunatae
650 2416 679 2440 et
699 2412 845 2440 Gaudiosi
868 2412 939 2446 imp.
962 2410 1089 2446 Neapoli
1113 2407 1195 2437 1568.
1219 2410 1252 2436 Β.
1274 2424 1306 2429 --
1328 2408 1355 2444 2,
1376 2409 1395 2437 4
1415 2410 1497 2446 polle

158 2458 192 2486 B.
206 2471 242 2476 -
254 2454 281 2489 3,
293 2454 312 2483 4
324 2455 386 2483 Eos
398 2463 450 2491 per
463 2455 497 2481 A.
511 2468 546 2472 —
557 2451 584 2486 4,
597 2450 615 2480 3
627 2452 723 2480 Carne
736 2451 759 2478 A
771 2461 777 2484 3
793 2450 961 2486 mundoque
976 2451 1006 2477 B.
1020 2464 1057 2468 -
1072 2447 1098 2481 4.
1111 2448 1129 2476 4
1142 2449 1221 2476 vitae
1234 2450 1422 2477 innocentiae
1436 2447 1496 2476 AB.
