1653 2656
694 122 933 157 -35-

370 219 499 260 Postea,
526 228 596 251 cum
622 217 744 251 fuerint
768 219 809 252 ab
837 228 874 251 eo
898 228 954 251 sex
979 220 1083 251 lustra
1109 224 1252 260 peracta,

414 267 554 300 Mortem
580 277 640 308 pro
667 267 760 299 nobis
785 268 818 299 in
845 276 939 299 cruce
965 271 1080 307 sponte
1105 267 1189 299 tulit.

365 316 489 348 Manna
514 316 618 349 tribus
645 316 735 356 pavit
761 316 793 347 in
820 316 948 348 deserto
976 316 1151 354 duodenas,

415 365 562 398 Christus
590 364 639 396 bis
667 365 767 396 denos
794 373 930 404 corpore
958 363 1146 404 discipulos.

285 414 341 447 25.
369 412 436 445 Sub
462 414 570 454 specie
597 413 689 453 panis
716 416 748 444 et
772 413 837 444 vini
864 413 1028 452 pascimur
1054 413 1116 452 ipsi

415 461 519 494 Carne
545 462 760 501 redemptoris
785 465 881 502 atque
908 470 1021 493 cruore
1047 470 1150 493 sacro.

370 510 516 542 Vertitur
541 510 573 542 in
601 519 729 542 carnem
757 510 856 542 verbo
883 509 1064 541 substantia
1089 509 1193 549 panis,

420 559 482 590 Per
509 558 641 590 verbum
665 558 702 590 fit
727 558 773 590 ita
799 559 928 598 sanguis
954 558 1024 589 usia
1050 558 1141 590 meri.

371 606 439 638 Nec
467 607 585 639 debent
611 607 701 638 varia
728 616 822 638 cruor
848 610 879 638 et
906 615 979 638 caro
1006 615 1143 646 corpora
1171 605 1270 643 credi,

286 655 343 687 30.
419 655 507 695 Opus
532 656 618 687 idern
645 654 766 688 Christi
792 659 866 686 sunt
892 664 986 686 cruor
1011 659 1107 694 atque
1133 662 1217 687 caro.

370 703 412 735 Et
439 704 584 743 quamvis
612 703 736 735 discors
762 703 861 734 menti
887 703 928 734 sit
956 703 1041 734 visus
1067 703 1100 734 in
1127 703 1187 734 hac
1213 710 1258 740 re,

419 752 472 783 Ad
500 751 751 783 confirmandum
779 750 901 782 sufficit
926 761 989 782 una
1016 750 1107 783 fides.

370 799 458 832 Hinc
483 809 595 832 sacrae
620 799 696 832 fidei
723 800 776 839 qui
803 799 910 830 verbis
937 803 1042 831 mente
1068 799 1200 830 oboedit

421 848 535 880 Coram
562 848 735 888 verbigena
761 848 867 879 iudice
893 848 1000 879 salvus
1028 848 1098 879 erit.

287 897 342 930 35.
370 896 428 936 Qui
457 906 519 928 non
546 896 722 927 crediderit
747 896 830 927 hanc
855 904 924 927 esse
952 895 1047 926 fidem
1074 897 1325 935 sacrosanctam,

419 945 539 984 Perpes
566 944 597 975 in
623 943 782 975 infernum
810 953 922 975 cauma
949 943 1075 974 vorabit
1102 952 1185 975 eum.

369 992 481 1024 Gloria
506 993 548 1023 sit
574 993 670 1033 patri,
698 993 740 1023 sit
766 992 868 1023 virtus
896 991 1161 1031 verbigenaeque⁷

416 1040 464 1072 Sit
490 1040 679 1080 procedenti
705 1049 765 1079 par
789 1040 831 1072 ab
858 1042 993 1079 utroque
1019 1039 1116 1073 salus,

229 1127 360 1154 Process.
382 1135 434 1153 ms.
451 1125 480 1152 S.
495 1124 627 1153 Oswaldi
647 1125 749 1156 (dioec.
767 1125 944 1156 Eboracen.)
965 1132 1040 1151 saec.
1065 1122 1137 1152 ¹⁴l15.
1154 1123 1225 1151 Cod.
1242 1124 1318 1150 Mus.
1335 1124 1480 1151 Oxonien.

155 1163 218 1193 126.
240 1179 277 1184 -
298 1164 449 1193 Abschrift
469 1173 528 1192 von
550 1165 622 1191 Rev.
645 1164 682 1190 H.
705 1164 745 1190 M.
768 1164 935 1190 Bannister.

541 1297 589 1328 52.
632 1297 664 1327 ln
688 1295 890 1327 Dedicatione
913 1295 1084 1326 Ecclesiae.

395 1380 425 1412 1.
453 1378 679 1411 Sanctificetur
705 1378 773 1409 (lies
800 1379 862 1409 ista
888 1387 1003 1417 annua,

450 1427 519 1466 Qua
545 1431 740 1458 renovantur
766 1426 884 1467 gaudia
911 1426 1072 1461 continua,

451 1476 488 1507 In
516 1485 577 1515 qua
601 1474 769 1506 fundatum
797 1475 865 1506 Deo
889 1474 1081 1506 sacrificium

450 1524 666 1556 Cottidianum
694 1527 837 1562 praestat
866 1522 1072 1555 beneficium.

594 1573 624 1603 A
651 1572 803 1603 honorem
830 1571 969 1603 Domini.

392 1670 425 1701 2.
453 1669 490 1701 In
516 1668 576 1700 hac
603 1673 728 1700 erectus
755 1668 838 1708 lapis
865 1671 911 1699 est
939 1668 971 1699 in
997 1667 1126 1699 titulum

451 1716 563 1748 Totius
589 1717 664 1748 anni
691 1717 885 1748 benedicens
913 1717 1077 1757 circulum,

452 1765 496 1798 Ut
522 1765 635 1798 domus
661 1766 724 1797 ista
751 1769 938 1797 consecrata
964 1765 1097 1796 caelitus

449 1813 497 1846 Sit
523 1814 565 1845 ad
591 1814 725 1845 tutelam
753 1814 897 1854 corporis
924 1818 956 1844 et
982 1814 1127 1853 spiritus,

591 1863 643 1894 Ad
667 1863 819 1894 honorem
844 1862 983 1895 Domini.

387 1960 421 1992 3.
449 1959 548 1998 Quam
576 1959 742 1991 benedixit
769 1959 930 1991 benedicti
957 1959 1062 1999 gratia

449 2008 487 2040 In
514 2009 710 2048 sempiterna
737 2008 848 2048 populi
875 2008 991 2039 solatia

448 2056 537 2088 Dans
561 2056 741 2097 profutura,
769 2057 892 2096 pellens
919 2056 1128 2087 adversantia

448 2105 662 2137 Purificandis
690 2107 812 2137 cunctis
837 2105 877 2136 ab
905 2103 1042 2136 infantia

591 2154 644 2186 Ad
671 2154 822 2186 honorem
851 2153 992 2185 Domini.

388 2253 420 2285 4.
448 2251 663 2283 Aeternitatis
691 2251 838 2282 dominus
866 2253 897 2280 et
923 2253 1114 2289 temporum,

447 2300 535 2332 Caeli
562 2304 742 2340 terraeque,
770 2299 855 2330 aeris
882 2302 912 2329 et
940 2307 1113 2338 aequorum

447 2349 500 2380 Ad
528 2348 744 2380 confitendum
769 2347 832 2378 sibi
858 2346 898 2378 ab
924 2346 1106 2378 hominibus

445 2397 555 2438 Elegit
581 2397 709 2429 domum
737 2395 854 2428 factam
883 2395 922 2427 de
949 2395 1114 2434 lapidibus

589 2446 644 2478 Ad
671 2446 824 2477 honorem
851 2443 993 2476 Domini.

1259 2498 1302 2528 30
