1653 2656
711 153 972 188 —118—

211 283 218 291 .
246 257 306 298 Tu,
333 257 386 297 qui
411 256 494 288 huuc
520 263 578 294 per
603 252 790 292 martyrium
870 249 901 282 8.
929 247 1080 279 Trinitati
1105 246 1147 278 sit
1172 245 1275 286 gloria

245 306 393 345 Adeptus
420 312 453 335 es
479 302 519 334 ad
546 301 679 342 gloriam

248 353 326 385 Cum
352 352 456 393 sociis,
485 350 539 382 des
568 349 717 389 gaudium

248 401 347 433 Nobis
374 405 404 430 et
432 398 512 430 caeli
538 397 685 436 patriam.

929 295 1208 335 Supernorumque
1233 292 1386 333 coetibus,

930 343 1094 383 Nobisque
1121 342 1216 374 detur
1240 341 1334 373 venia

930 391 1040 423 Trium
1066 394 1242 430 martyrum
1268 387 1429 428 precibus.

266 496 350 522 Brev.
374 494 402 520 S.
427 491 567 520 Barnardi
591 491 625 517 de
648 490 787 517 Romanis
809 488 878 522 imp.
900 487 930 513 in
952 485 1092 513 Romanis
1115 481 1197 511 1518.

615 644 683 675 202.
726 643 767 674 De
789 644 896 673 sancto
917 639 1082 671 Dominico.

697 714 737 740 In
759 711 993 747 2.Vespe1·is.

218 831 225 839 .
252 807 331 843 Ave⁷
358 803 533 840 Dominice,
877 800 907 830 4.
936 797 1081 829 Monstra
1107 800 1138 826 te
1164 803 1233 826 esse
1258 798 1394 834 patrem,

254 852 400 885 Rutilans
425 852 564 887 lucerna,
937 846 1023 878 Fove
1048 848 1134 875 tuam
1160 843 1293 883 prolem,

254 901 325 932 Dux
354 899 621 939 praedicatorum,
937 893 979 925 Ut
1007 892 1091 923 clare
1118 899 1284 922 cernamus

255 947 409 981 Caelestis
436 946 597 985 pincerna.
937 940 1082 972 Iustitiae
1108 939 1216 971 solem.

197 1051 228 1077 ⁸.
256 1043 388 1074 Sumens
415 1044 556 1071 nostrum
582 1047 649 1077 ave,

257 1091 315 1122 Pia
340 1092 445 1120 mente
472 1086 587 1128 fusum,

257 1138 348 1169 Tolle
375 1145 431 1167 vae
459 1136 655 1172 damnosum,

258 1185 349 1217 Dona
375 1193 429 1215 cor
455 1191 561 1216 suave.

224 1305 232 1314 .
260 1280 353 1312 Solve
380 1287 475 1319 prece
501 1283 554 1309 tua

260 1327 373 1359 Vincla
399 1325 578 1366 pravitatis,

261 1375 327 1407 Nos
354 1374 506 1413 coniunge
533 1373 659 1406 Christo

262 1423 342 1454 Voto
368 1421 506 1462 pietatis.

883 1039 895 1046 ⁷
906 1058 913 1066 .
940 1035 1038 1075 Virgo
1062 1034 1209 1074 gloriose,

942 1081 1059 1114 Confer
1085 1082 1256 1121 puritatem

942 1130 1092 1169 Corporis
1119 1132 1149 1160 et
1176 1129 1290 1160 mentis

943 1179 991 1209 Ac
1017 1177 1233 1209 sobrietatem.

893 1275 916 1304 “.
945 1273 1036 1304 Vitae
1062 1282 1118 1304 nos
1145 1270 1309 1303 conforma

945 1321 1075 1352 Gratiae
1102 1320 1256 1360 caelestis,

945 1368 987 1400 Ut
1014 1369 1087 1399 Iesu
1114 1366 1256 1399 fruamur

944 1417 1062 1448 Tecum
1088 1415 1159 1456 pari
1185 1414 1298 1447 forma.

562 1516 591 1547 7.
622 1514 669 1546 Sit
695 1514 763 1545 laus
789 1513 857 1544 Deo
884 1513 979 1552 patri,

620 1562 780 1594 Summum
807 1560 934 1592 Christo
961 1559 1068 1601 decus,

620 1609 752 1649 Spiritui
778 1612 889 1640 sancto

621 1658 736 1689 Trinus
764 1657 864 1688 honor
889 1665 979 1687 unus.

282 1756 392 1790 Hymn.
414 1763 465 1780 ms.
488 1753 516 1780 S.
541 1753 616 1779 Petri
638 1753 724 1778 Mart.
746 1751 866 1778 Utinen.
887 1758 953 1776 saec
976 1746 1019 1775 16.
1042 1748 1112 1775 Cod.
1134 1748 1251 1775 civitat.
1277 1749 1386 1775 Utinen
1407 1756 1429 1774 s.
1451 1756 1480 1774 n.

638 1906 706 1937 203.
749 1904 789 1936 De
810 1906 916 1936 saneto
941 1903 1075 1935 Domnio.

725 1975 774 2002 Ad
796 1973 990 2010 Vesperas.

471 2067 502 2098 1.
529 2062 704 2098 Armoniae
729 2061 846 2094 fidibus
873 2061 1010 2093 Domino

529 2112 678 2145 Carmina
703 2111 832 2151 pangite
858 2107 1021 2151 melliflua,

530 2161 656 2201 Organa
681 2159 802 2199 tangite
828 2157 998 2191 melodica.

530 2209 625 2249 Ecce,
654 2207 722 2240 dies
746 2206 880 2238 celebris
907 2205 1029 2244 rutilat,

471 2308 503 2340 2.
532 2303 714 2339 Dulcisonis
741 2303 908 2335 iubilanda
933 2302 1047 2342 modis⁷

529 2354 596 2393 Qua
620 2353 662 2385 ad
688 2352 859 2384 Dominum
885 2353 1038 2391 properat
1065 2349 1230 2389 Domuius‚

531 2402 575 2435 Ut
599 2401 744 2433 bravium
769 2398 891 2432 referat
916 2398 1065 2439 caeleste,

533 2450 692 2491 Sanguine
717 2449 802 2489 quod
827 2447 889 2480 sibi
915 2447 1105 2488 quaesierat.
