1653 2656
714 151 949 187 „50-

613 374 659 404 76.
699 372 733 403 ln
754 367 946 401 Visitatione
966 365 1054 397 an.

730 469 784 497 Ad
809 469 937 496 Horas.

183 598 214 630 1.
243 594 392 627 Effundet
417 591 509 623 nobis
536 589 665 621 domina
867 584 901 615 2.
928 582 1027 620 Ergo,
1053 583 1147 619 pater
1170 576 1313 617 piissime

244 643 336 673 Yires
361 638 535 680 plangendi
562 636 706 674 crimina⁷
929 628 1143 668 verbumque,
1168 624 1266 656 iudex
1292 621 1429 662 animae,

244 691 288 723 Ut
314 687 445 720 servivit
472 683 651 723 Elisabeth,
929 677 1006 710 Cum
1034 675 1169 715 spiritus
1195 671 1387 703 charismate

246 738 385 769 Mentem
412 735 580 766 humanam
607 731 726 763 visitet.
929 725 983 758 Ad
1008 723 1114 757 caelos
1140 729 1249 753 omnes
1274 717 1405 750 trahite.

268 862 350 887 Brev.
375 867 426 885 ms.
450 856 681 884 Humiliatarum
709 852 746 880 ad
767 852 798 879 S.
818 850 937 878 Erasmi
956 847 1153 875 mediolanen.
1177 852 1252 871 saec.
1275 840 1320 869 15.
1341 839 1413 867 cod.
1435 840 1503 865 Am-

186 901 317 927 brosian.
338 898 352 924 1
375 895 428 923 197
455 896 505 922 inf.
526 909 561 913 —
582 894 671 920 Diese
693 892 765 917 zwei
788 888 933 924 Strophen
954 886 1020 913 sind
1033 885 1105 912 kein
1126 881 1342 915 selbstfindiger
1357 879 1504 912 Hymnus,

187 938 315 964 sondern
337 935 531 967 anzuhz'mgen
557 940 595 958 an
622 931 669 957 die
696 929 807 964 Hymni
837 934 1004 954 communes
1032 923 1069 950 ad
1094 929 1201 958 parvas
1225 919 1323 946 horas.
1372 914 1428 945 ..Et
1454 923 1505 941 no-

185 976 316 1003 tandum.
339 973 416 1008 quod
437 972 474 999 ad
495 979 594 998 omnes
615 969 703 995 hora<
724 967 785 994 diei
804 966 979 1001 hymnorum
1000 962 1147 989 ferialium
1174 958 1278 986 relicto
1299 957 1403 983 ultimo
1417 961 1506 981 versu

186 1014 321 1040 dicantur
341 1012 391 1038 isti
412 1011 469 1037 duo
490 1017 592 1036 versus
614 1004 796 1042 sequentes*
819 1004 875 1030 Hs,
895 1002 991 1035 (Pell.)

617 1234 661 1263 77.
701 1232 735 1262 In
756 1228 976 1261 Purificatione
997 1227 1086 1258 BMV.

197 1361 227 1391 1.
258 1357 311 1388 Sol
338 1356 377 1387 de
403 1355 497 1386 stella
522 1352 702 1393 purissima,
883 1350 913 1381 5.
941 1348 1013 1378 Iesu
1039 1345 1188 1381 clemens,
1215 1346 1348 1372 matrem
1375 1338 1462 1373 audi,

260 1405 354 1436 Stilla
379 1402 483 1434 mellis
509 1400 692 1432 dulcissima
942 1395 1049 1427 Mater
1073 1392 1167 1426 bona.
1195 1398 1252 1421 nos
1278 1386 1406 1419 exaudi.

260 1453 309 1484 Ex
337 1451 436 1490 regali
462 1448 613 1489 progenie
944 1442 1037 1473 Potes
1065 1440 1147 1471 enim
1174 1442 1207 1469 nt
1234 1437 1344 1476 regina

262 1499 423 1531 Processit
450 1502 551 1528 matre
578 1494 711 1535 virgine.¹
947 1489 1037 1522 Caeli
1062 1488 1203 1528 pandere
1229 1485 1349 1516 limina.

201 1626 231 1658 2.
261 1623 364 1655 Homo
392 1621 487 1661 Deus,
516 1619 660 1651 Christus
686 1619 786 1657 Iesus,
887 1616 918 1647 6.
944 1613 1111 1654 Templum
1140 1609 1259 1641 munda
1285 1614 1319 1639 tu
1343 1606 1484 1646 intrasti,

266 1673 295 1703 A
319 1668 484 1709 prophetis
510 1666 731 1708 prophetatus,
946 1661 1047 1693 Deum
1075 1663 1198 1699 patrem
1225 1662 1259 1688 tu
1281 1654 1428 1696 placasti,

264 1721 294 1750 A
321 1717 448 1757 regibus
473 1715 625 1747 adoratus
946 1709 1103 1740 Mundum
1129 1707 1215 1738 clare
1240 1703 1422 1744 illustrasti,

266 1767 341 1798 Cum
370 1765 473 1796 Maria
499 1767 601 1794 matre
626 1761 704 1793 eius.
948 1757 1031 1789 Dum
1057 1753 1203 1787 obtulisti
1227 1753 1337 1785 filium.

207 1893 238 1924 3.
269 1888 396 1922 Profert
422 1887 519 1919 rubus
546 1886 651 1917 virens
677 1892 797 1924 rogum.
895 1883 925 1915 7.
953 1881 1089 1914 Florens
1115 1888 1188 1910 rosa
1214 1887 1284 1910 cum
1309 1877 1389 1917 lilio,

269 1937 447 1977 Virgultum
480 1934 656 1966 marcidum
681 1931 829 1973 fructum,
953 1929 1052 1968 Virgo
1075 1932 1178 1959 mater
1205 1936 1273 1958 cum
1299 1925 1377 1965 filio,

266 1986 390 2018 Siccam
417 1984 518 2014 vellus
539 1982 656 2013 undam
671 1980 832 2018 mundam,
953 1977 1052 2009 Serva
1077 1985 1135 2007 nos
1160 1976 1193 2006 in
1219 1974 1333 2006 exsilio

270 2036 367 2066 Porta
392 2040 520 2072 semper
545 2030 652 2061 clausa
680 2029 773 2064 viam,
954 2025 1111 2056 Vitiorum
1137 2033 1156 2054 a
1181 2023 1269 2055 lolio.

212 2160 244 2191 4.
273 2158 375 2190 Stella
400 2155 557 2187 matutina
582 2154 692 2189 solem,
896 2152 928 2184 8.
956 2149 1068 2181 Gloria
1093 2148 1162 2182 tibi.
1189 2148 1337 2180 Domine.

270 2206 375 2238 Maria
400 2204 569 2245 praeclara
594 2202 731 2242 prolem,
955 2197 1015 2237 Qui
1040 2202 1134 2228 natus
1159 2206 1193 2228 es
1220 2197 1259 2228 de
1286 2197 1420 2236 virgine,

272 2254 372 2294 Virgo
396 2251 674 2287 excellentissima,
957 2245 1034 2277 Cum
1060 2251 1153 2285 patre
1179 2250 1209 2276 et
1231 2251 1342 2276 sancto
1368 2245 1486 2285 spiritu

275 2303 379 2342 Super
404 2309 513 2332 omnes
539 2298 750 2331 sanctissima.
959 2295 997 2326 In
1022 2294 1216 2333 sempiterna
1242 2293 1381 2326 saecula.

290 2426 370 2454 Orat.
401 2434 453 2452 ms.
485 2425 514 2452 S.
545 2424 625 2451 Petri
657 2422 859 2458 Salisburgen.
889 2427 965 2446 saec.
988 2416 1032 2445 16.
1061 2418 1132 2445 Cod.
1155 2419 1265 2446 Petrin.
1292 2427 1310 2446 a
1331 2419 1376 2446 [Π
1401 2416 1453 2451 2ος
1478 2418 1530 2446 be-

211 2465 346 2493 zeichnet
367 2465 410 2491 al<
435 2462 606 2499 -h5mnus¹·'.
