1653 2656
751 133 1014 181 —279.-

644 291 712 324 467.
754 295 796 325 De
821 298 934 326 sancta
956 296 1125 338 Reparata.

763 372 818 401 Ad
844 375 999 403 Laudes,

212 463 242 494 1.
270 462 412 497 Torrida
437 466 561 507 lampas
587 469 708 510 adapta
735 471 795 508 tibi

271 511 381 544 Poena
408 513 563 555 dolorque
590 516 680 549 fuere
707 519 781 556 cibi,

273 560 426 601 Improba
454 563 588 596 dextera
612 566 740 605 plaudit
765 567 821 607 ibi,

269 608 379 641 Anxia
405 610 535 643 vincere
561 614 647 646 victa
672 615 745 650 sibi.

910 475 941 505 23.
969 473 1085 515 Sicque
1111 476 1231 508 laboris
1258 487 1354 517 agens
1380 479 1521 512 studium

968 523 1086 562 Magna
1113 525 1222 564 virago
1248 525 1332 557 subit
1358 526 1510 567 gladium,

969 571 1112 603 Luminis
1140 574 1249 604 eximii
1274 574 1397 605 radium

968 618 1073 650 Dante
1100 620 1168 651 Deo
1195 622 1281 661 capit
1307 623 1339 653 in
1366 622 1521 656 bravium.

209 715 241 747 2.
270 715 420 748 Carceris
446 721 519 750 atra
544 719 649 752 libens
675 722 794 754 toleras
909 727 941 757 4.
969 725 1142 758 Fructibus
1169 737 1243 768 ergo
1271 727 1391 760 referta
1417 730 1506 761 bonis

267 763 531 806 [gnivomumque
564 777 675 809 rogum
701 780 846 811 superas,
969 773 1176 814 sidereisque
1199 776 1304 808 locata
1330 777 1452 809 thronis

267 811 349 844 Dira
375 815 534 847 novacula
559 825 618 855 per
645 821 790 850 tenerum
970 822 1068 853 Posce
1094 824 1156 864 piis
1184 825 1308 856 veniam
1333 826 1483 864 precibus

266 859 372 893 Dueta
400 867 497 902 caput
518 863 595 895 facit
614 865 674 897 hoc
692 867 845 902 lacerum.
968 870 1114 911 Veraque
1140 872 1258 911 gaudia
1284 873 1495 914 supplicibus.

536 973 567 1003 5.
596 970 708 1003 Gloria
735 973 777 1003 sit
803 974 872 1004 sine
898 974 960 1006 fine
987 977 1072 1015 patri
1099 982 1159 1009 etc.

282 1070 387 1098 Officia
409 1081 447 1098 SS.
471 1074 656 1108 Reparatue,
679 1075 804 1108 Paridis,
828 1078 941 1104 Amasti
964 1083 1017 1105 etc.
1042 1082 1125 1114 impr.
1152 1081 1275 1117 Neapoli
1302 1081 1382 1110 1533.
1407 1100 1443 1103 —
1468 1084 1491 1116 1.
1513 1085 1531 1112 4

201 1109 304 1137 Ansia.
325 1123 362 1127 —
384 1109 410 1145 2,
432 1110 451 1138 4
472 1111 527 1138 hoc
551 1113 631 1139 fehlt.
655 1128 691 1131 —
716 1114 784 1140 Mel.
808 1116 863 1142 wie
886 1117 964 1143 beim
987 1118 1247 1153 vorhergehenden
1269 1122 1414 1156 Hymnus.

631 1323 699 1353 468.
741 1322 783 1355 De
807 1326 919 1356 saneta
940 1326 1110 1359 Restituta.

201 1419 232 1451 1.
258 1419 453 1461 affigamus,
481 1431 500 1452 o
527 1423 697 1464 carissimi.
902 1429 932 1459 5.
963 1426 1124 1460 Carnillus
1151 1428 1267 1462 flumen
1292 1431 1407 1463 iubilet

261 1467 349 1500 Odas
376 1468 492 1501 beatae
519 1471 653 1510 virginis

264 1515 369 1556 Nunc,
397 1517 580 1550 Restitutae
607 1520 770 1562 martyris,

258 1564 346 1603 Quae
373 1565 489 1597 claruit
516 1567 661 1601 mirifice.

224 1695 231 1703 .
260 1669 343 1702 Nam
369 1672 470 1704 sacris
497 1674 563 1704 suis
588 1675 711 1706 meritis

257 1718 343 1751 Satis
370 1719 450 1752 Sora
477 1722 688 1762 resplenduit,

255 1768 293 1799 In
319 1778 382 1808 qua
408 1770 545 1809 quiescit
572 1781 707 1812 corpore

251 1816 358 1849 Multa
384 1817 463 1850 fiunt
489 1820 656 1855 miracula.

216 1950 222 1956 .
251 1923 303 1956 Ibi
329 1934 389 1964 per
415 1925 536 1959 Christi
563 1928 701 1967 gratiam

251 1972 414 2006 Sanantur
440 1975 529 2016 aegri
555 1976 698 2016 plurimi,

251 2022 436 2063 Purgantur
463 2028 495 2055 et
521 2026 674 2064 vexatici,

246 2071 346 2103 Malis
365 2074 515 2113 oppressi
541 2075 652 2106 variis.

209 2204 217 2211 .
244 2177 399 2210 Exsultet
424 2180 527 2212 omnis
555 2181 669 2214 civitas

246 2227 393 2267 Totaque
419 2228 513 2268 plebs
540 2228 696 2271 fidelium,

245 2275 337 2315 Quod
365 2277 468 2308 artius
495 2279 690 2318 optavimus,

243 2324 313 2356 Deo
340 2324 472 2356 iuvante
500 2324 647 2360 fruimur.

259 2429 382 2458 Collect.
411 2439 464 2457 ms.
495 2439 571 2459 saec.
603 2431 646 2459 17.
678 2433 748 2460 Cod.
776 2433 968 2462 Alexandrin.
999 2434 1044 2463 93.

177 2469 349 2496 Restitutae
371 2469 532 2497 Soranae.“

962 1474 1115 1508 Perfusus
1142 1482 1231 1510 tanto
1258 1480 1421 1520 sanguine,

961 1524 1021 1563 Qui
1048 1531 1143 1565 caput
1171 1536 1282 1558 sacrae
1309 1529 1442 1568 virginis

962 1572 1091 1613 Septem
1120 1574 1188 1605 dies
1215 1577 1358 1609 retinuit.

895 1679 926 1711 6.
953 1679 1021 1718 Quo
1048 1680 1195 1719 pontifex
1221 1683 1372 1715 Amasius

955 1728 1017 1759 Per
1043 1730 1145 1760 visum
1173 1730 1247 1762 hinc
1273 1732 1467 1775 admonitus,

954 1777 998 1809 Ut
1025 1783 1235 1817 properasset
1260 1781 1347 1812 ocius

952 1825 996 1856 Et
1023 1830 1117 1866 caput
1146 1828 1298 1860 membris
1325 1830 1481 1870 iungeret.

917 1956 923 1963 .
953 1932 1070 1963 Preces
1098 1932 1269 1965 fundamus
1295 1936 1458 1975 supplices

952 1980 1045 2012 Nunc
1072 1983 1207 2022 martyri
1235 1984 1381 2023 eximiae,

951 2029 1019 2067 Quo
1047 2039 1227 2062 mereamur
1253 2031 1378 2071 perfrui

952 2077 1069 2110 Sancta
1096 2079 1129 2110 in
1156 2079 1218 2111 fine
1245 2081 1375 2115 saeculi.

916 2211 922 2217 .
951 2184 1036 2215 Laus
1063 2185 1102 2215 sit
1131 2187 1258 2225 parenti
1286 2187 1433 2229 Domino,

951 2232 1077 2264 Laudes
1105 2243 1255 2266 canamus
1282 2237 1386 2275 unico,

949 2281 1076 2313 Laudes
1103 2284 1268 2314 amborum
1295 2283 1415 2318 flamini

950 2331 1011 2362 Per
1036 2335 1182 2371 tempora
1209 2332 1376 2368 laudabili.

1076 2452 1112 2456 —
1142 2437 1206 2470 ..Ex
1234 2448 1286 2466 ms.
1317 2440 1470 2469 Ecclesiae
1500 2452 1522 2470 s.
