1653 2656
725 137 964 172 —46—

183 243 214 275 5.
241 241 338 280 Virgo
365 249 449 277 cara,
477 238 620 271 caritatis
869 235 902 267 6.
928 232 1023 265 Felix
1049 232 1164 264 domus
1189 228 1366 263 Zachariae

290 289 430 320 Fervens
457 287 628 326 desiderio,
977 281 1089 312 Talem
1115 279 1237 311 habens
1262 277 1434 317 hospitem,

244 337 357 370 Castae
385 335 670 376 consanguinitatis
931 329 1025 362 Felix
1051 331 1188 368 cognata
1210 326 1346 363 Mariae,

293 385 393 416 Fovet
419 383 607 423 ministerio,
979 377 1078 415 Quam
1106 375 1249 415 suscepit
1274 373 1434 411 comitem,

245 433 396 465 Gaudens
422 432 514 463 buius
540 430 691 462 novitatis
933 425 997 458 Sed
1027 423 1178 456 lobannis
1202 427 1234 454 et
1258 421 1398 454 Messiae

293 482 410 512 Sancto
437 478 621 519 puerperio.
980 473 1030 505 Tu
1056 472 1219 512 distingue
1244 470 1390 502 limitem.

530 581 560 612 7.
588 580 674 611 Laus
700 578 741 609 sit
767 585 888 607 summo
914 574 1062 615 genitori,

633 626 692 664 Qui
719 628 831 664 regnat
857 632 917 663 per
941 622 1058 660 omnia,

587 674 672 705 Laus
698 674 740 704 sit
765 676 874 704 nostro
900 670 1108 709 redemptori,

634 722 694 753 Per
719 729 811 761 quem
841 719 928 751 venit
953 718 1066 758 gratia,

586 769 777 802 Procedenti
804 767 940 799 creatori

632 817 681 849 Sit
706 816 848 856 aequalis
875 814 986 855 gloria.

265 920 447 953 Hymnorum
483 917 654 952 opusculum
686 916 722 942 ad
754 924 837 942 usum
870 914 996 949 insignis
1027 913 1169 939 ecclesiae
1202 908 1305 937 Sarum
1337 910 1406 943 imp.
1438 906 1510 933 Ant-

188 958 313 992 werpiat·
338 954 418 983 1512.
440 970 475 974 —
499 955 524 985 5,
548 954 566 981 3
587 955 677 981 Casti.
698 968 735 972 —
757 953 782 985 7.
803 951 821 979 6
842 953 876 980 In
898 951 1041 987 aequalis.

631 1133 678 1163 70.
719 1132 751 1162 ln
773 1128 963 1162 Visitatione
985 1130 1072 1160 mlv,

734 1207 783 1233 Ad
812 1206 957 1233 Laudes

200 1302 230 1333 1.
261 1301 400 1332 Verbum
428 1310 446 1331 a
471 1305 562 1340 patre
589 1299 740 1339 prodiens
884 1301 915 1329 4.
941 1297 1036 1328 Miles
1064 1305 1119 1326 suo
1145 1294 1289 1334 tripudio

261 1350 297 1380 In
323 1349 495 1380 novissimo
521 1352 664 1386 tempore
944 1345 1060 1384 Regem
1089 1343 1230 1374 salutare
1257 1342 1374 1382 gliscit,

263 1396 355 1429 Servi
380 1395 514 1427 formam
540 1395 700 1434 accipiens
944 1393 1060 1424 Clauso
1083 1391 1209 1422 clausus
1235 1390 1267 1421 in
1294 1389 1422 1430 gaudio,

260 1444 392 1476 Mortali
417 1443 551 1483 sumpsit
578 1450 721 1481 corpore.
943 1439 1042 1472 Matri
1068 1444 1170 1470 mater
1196 1437 1371 1469 benedixit.

202 1540 234 1571 2.
262 1539 376 1571 Statim
401 1542 434 1569 ut
462 1539 550 1577 virgo
577 1537 723 1576 concepit
886 1538 916 1569 5.
944 1535 968 1567 O
997 1538 1090 1575 grata
1115 1534 1257 1565 visitatio

262 1587 356 1618 Hunc
381 1587 422 1617 ad
449 1586 507 1616 hoc
534 1585 785 1624 praedestinata,
944 1583 987 1615 Et
1012 1581 1165 1613 melliflua
1191 1582 1317 1613 oscula!

262 1634 394 1666 Gabriel
420 1633 510 1664 affari
538 1633 643 1672 coepit
944 1631 969 1662 Ο
995 1631 1079 1662 laeta
1103 1630 1254 1662 salutatio

263 1683 355 1714 Hanc
380 1683 540 1712 instruens
567 1681 607 1711 de
633 1683 778 1720 cognata.
945 1678 1146 1710 Celebranda
1172 1686 1230 1718 per
1256 1678 1401 1710 saecula!

205 1780 237 1812 3.
263 1778 316 1810 Ad
341 1780 491 1808 montana
516 1780 592 1806 tunc
617 1775 728 1806 adiens
889 1776 920 1807 6.
948 1774 1012 1806 Uni
1038 1775 1186 1814 trinoque
1211 1773 1348 1805 Domino

266 1825 417 1857 visitavit
441 1823 609 1856 Elisabeth
948 1822 995 1854 Sit
1022 1822 1118 1853 decus
1145 1826 1175 1853 et
1202 1822 1383 1861 imperium,

266 1875 328 1906 Per
350 1877 415 1904 tres
441 1880 575 1909 menses,
603 1871 675 1902 hinc
703 1871 830 1902 rediens
948 1870 1008 1909 Qui
1035 1870 1131 1901 vitam
1159 1870 1226 1901 sine
1252 1871 1388 1902 termino

264 1922 405 1953 Reversa
431 1924 477 1951 est
504 1921 537 1950 in
566 1919 735 1951 Nazareth.
950 1917 1051 1949 Nobis
1079 1919 1173 1949 donet
1201 1922 1232 1949 et
1257 1919 1446 1958 praemium.

276 2022 362 2049 Brev.
384 2030 434 2047 ms.
458 2020 691 2048 Caelestinorum
713 2028 789 2046 saecu
812 2018 855 2046 15.
879 2019 948 2046 Cod.
972 2019 1141 2054 Sangallen.
1163 2017 1227 2047 500.

643 2199 682 2229 71.
724 2198 757 2229 ln
780 2197 971 2229 visitatione
994 2199 1080 2229 mlv.

205 2298 236 2329 1.
265 2295 474 2328 Praeconium
502 2294 719 2326 dulcissimum
889 2295 921 2326 2.
948 2294 1010 2325 Hic
1036 2298 1085 2325 est
1111 2295 1190 2333 dies,
1218 2296 1251 2328 in
1277 2306 1340 2337 quo
1367 2297 1467 2339 virgo,

265 2344 358 2377 Puris
385 2352 534 2375 canamus
562 2342 722 2381 cordibuS‚
949 2343 1027 2374 Cum
1053 2343 1157 2375 caelos
1185 2345 1281 2376 rediit
1308 2345 1454 2385 Gabriel,

267 2392 387 2432 (Quod)
415 2392 513 2423 melos
539 2391 581 2422 sit
606 2389 810 2422 audientibus
948 2391 985 2422 In
1011 2396 1148 2423 montem
1178 2393 1267 2424 venit
1292 2394 1380 2425 ocius

267 2441 433 2480 Yitamque
459 2439 552 2472 nobis
577 2439 708 2471 tribuat.
946 2438 999 2470 Ad
1026 2439 1228 2472 salutandam
1254 2442 1435 2477 Elisabeth.
