<?xml version="1.0" encoding="UTF-8"?>
<!DOCTYPE html PUBLIC "-//W3C//DTD XHTML 1.0 Transitional//EN"
    "http://www.w3.org/TR/xhtml1/DTD/xhtml1-transitional.dtd">
<html xmlns="http://www.w3.org/1999/xhtml" xml:lang="en" lang="en">
 <head>
  <title>
</title>
<meta http-equiv="Content-Type" content="text/html;charset=utf-8" />
  <meta name='ocr-system' content='tesseract 3.04.00' />
  <meta name='ocr-capabilities' content='ocr_page ocr_carea ocr_par ocr_line ocrx_word'/>
</head>
<body>
  <div class='ocr_page' id='page_1' title='image "./analectahymnica43drevuoft/analectahymnica43drevuoft_0074.png"; bbox 0 0 1653 2656; ppageno 0'>
   <div class='ocr_carea' id='block_1_1' title="bbox 103 151 1410 205">
    <p class='ocr_par' dir='ltr' id='par_1_1' title="bbox 103 151 1410 205">
     <span class='ocr_line' id='line_1_1' title="bbox 103 151 1410 205; baseline -0.021 -1"><span class='ocrx_word' id='word_1_1' title='bbox 103 172 136 205; x_wconf 88' lang='lat'>5.</span> <span class='ocrx_word' id='word_1_2' title='bbox 161 168 306 204; x_wconf 80' lang='lat' dir='ltr'><strong>Virtutes</strong></span> <span class='ocrx_word' id='word_1_3' title='bbox 333 162 506 197; x_wconf 83' lang='lat' dir='ltr'><strong>excoluisti</strong></span> <span class='ocrx_word' id='word_1_4' title='bbox 798 157 830 190; x_wconf 88' lang='lat'>8.</span> <span class='ocrx_word' id='word_1_5' title='bbox 857 155 907 187; x_wconf 92' lang='lat' dir='ltr'>Tu</span> <span class='ocrx_word' id='word_1_6' title='bbox 937 153 1046 186; x_wconf 88' lang='lat' dir='ltr'>surdis</span> <span class='ocrx_word' id='word_1_7' title='bbox 1078 151 1224 184; x_wconf 87' lang='lat' dir='ltr'>auditum</span> <span class='ocrx_word' id='word_1_8' title='bbox 1252 151 1410 189; x_wconf 80' lang='lat' dir='ltr'>praestas,</span> 
     </span>
    </p>
   </div>
   <div class='ocr_carea' id='block_1_2' title="bbox 162 199 1368 449">
    <p class='ocr_par' dir='ltr' id='par_1_2' title="bbox 162 199 1368 449">
     <span class='ocr_line' id='line_1_2' title="bbox 209 199 1281 255; baseline -0.02 -6"><span class='ocrx_word' id='word_1_9' title='bbox 209 214 318 248; x_wconf 85' lang='lat' dir='ltr'>studio</span> <span class='ocrx_word' id='word_1_10' title='bbox 343 211 507 255; x_wconf 83' lang='lat' dir='ltr'>pervigili,</span> <span class='ocrx_word' id='word_1_11' title='bbox 905 206 941 235; x_wconf 90' lang='lat' dir='ltr'>tu</span> <span class='ocrx_word' id='word_1_12' title='bbox 966 210 1078 234; x_wconf 87' lang='lat' dir='ltr'>caecos</span> <span class='ocrx_word' id='word_1_13' title='bbox 1104 199 1281 233; x_wconf 77' lang='lat' dir='ltr'>illuminas.</span> 
     </span>
     <span class='ocr_line' id='line_1_3' title="bbox 162 247 1368 307; baseline -0.02 -8"><span class='ocrx_word' id='word_1_14' title='bbox 162 266 238 307; x_wconf 84' lang='lat' dir='ltr'>Ipse</span> <span class='ocrx_word' id='word_1_15' title='bbox 263 263 322 296; x_wconf 87' lang='lat' dir='ltr'>sed</span> <span class='ocrx_word' id='word_1_16' title='bbox 347 259 519 294; x_wconf 83' lang='lat' dir='ltr'>occuluisti</span> <span class='ocrx_word' id='word_1_17' title='bbox 860 251 984 284; x_wconf 85' lang='lat' dir='ltr'>Lurida</span> <span class='ocrx_word' id='word_1_18' title='bbox 1008 254 1044 281; x_wconf 88' lang='lat' dir='ltr'>tu</span> <span class='ocrx_word' id='word_1_19' title='bbox 1069 247 1213 280; x_wconf 83' lang='lat' dir='ltr'>membra</span> <span class='ocrx_word' id='word_1_20' title='bbox 1240 254 1368 285; x_wconf 81' lang='lat' dir='ltr'>purgas,</span> 
     </span>
     <span class='ocr_line' id='line_1_4' title="bbox 208 295 1271 350; baseline -0.019 -5"><span class='ocrx_word' id='word_1_21' title='bbox 208 315 315 346; x_wconf 84' lang='lat' dir='ltr'>mente</span> <span class='ocrx_word' id='word_1_22' title='bbox 339 317 469 350; x_wconf 81' lang='lat' dir='ltr'>semper</span> <span class='ocrx_word' id='word_1_23' title='bbox 496 307 620 348; x_wconf 86' lang='lat' dir='ltr'>humili,</span> <span class='ocrx_word' id='word_1_24' title='bbox 909 302 1069 332; x_wconf 87' lang='lat' dir='ltr'>mortuum</span> <span class='ocrx_word' id='word_1_25' title='bbox 1095 295 1271 329; x_wconf 81' lang='lat' dir='ltr'>resuscitas</span> 
     </span>
     <span class='ocr_line' id='line_1_5' title="bbox 165 342 1339 396; baseline -0.019 -2"><span class='ocrx_word' id='word_1_26' title='bbox 165 361 273 396; x_wconf 87' lang='lat' dir='ltr'>Favor</span> <span class='ocrx_word' id='word_1_27' title='bbox 298 369 338 392; x_wconf 90' lang='lat' dir='ltr'>ne</span> <span class='ocrx_word' id='word_1_28' title='bbox 365 359 499 391; x_wconf 87' lang='lat' dir='ltr'>daretur</span> <span class='ocrx_word' id='word_1_29' title='bbox 525 355 596 393; x_wconf 87' lang='lat' dir='ltr'>tibi,</span> <span class='ocrx_word' id='word_1_30' title='bbox 863 348 980 382; x_wconf 88' lang='lat' dir='ltr'>Verbis</span> <span class='ocrx_word' id='word_1_31' title='bbox 1007 345 1100 378; x_wconf 87' lang='lat' dir='ltr'>simul</span> <span class='ocrx_word' id='word_1_32' title='bbox 1127 348 1159 376; x_wconf 91' lang='lat' dir='ltr'>et</span> <span class='ocrx_word' id='word_1_33' title='bbox 1184 342 1339 382; x_wconf 86' lang='lat' dir='ltr'>exemplis</span> 
     </span>
     <span class='ocr_line' id='line_1_6' title="bbox 213 393 1216 449; baseline -0.019 -7"><span class='ocrx_word' id='word_1_34' title='bbox 213 411 270 443; x_wconf 90' lang='lat' dir='ltr'>sed</span> <span class='ocrx_word' id='word_1_35' title='bbox 296 415 436 449; x_wconf 88' lang='lat' dir='ltr'>superno</span> <span class='ocrx_word' id='word_1_36' title='bbox 462 403 596 437; x_wconf 90' lang='lat' dir='ltr'>numini.</span> <span class='ocrx_word' id='word_1_37' title='bbox 912 397 1034 428; x_wconf 86' lang='lat' dir='ltr'>animas</span> <span class='ocrx_word' id='word_1_38' title='bbox 1061 393 1216 426; x_wconf 82' lang='lat' dir='ltr'>vivificas.</span> 
     </span>
    </p>
   </div>
   <div class='ocr_carea' id='block_1_3' title="bbox 110 497 1419 554">
    <p class='ocr_par' dir='ltr' id='par_1_3' title="bbox 110 497 1419 554">
     <span class='ocr_line' id='line_1_7' title="bbox 110 497 1419 554; baseline -0.021 -2"><span class='ocrx_word' id='word_1_39' title='bbox 110 522 142 554; x_wconf 89' lang='lat'>6.</span> <span class='ocrx_word' id='word_1_40' title='bbox 167 517 253 551; x_wconf 88' lang='lat' dir='ltr'>Hinc</span> <span class='ocrx_word' id='word_1_41' title='bbox 266 514 372 548; x_wconf 83' lang='lat' dir='ltr'>factus</span> <span class='ocrx_word' id='word_1_42' title='bbox 386 510 518 553; x_wconf 82' lang='lat' dir='ltr'>praesul</span> <span class='ocrx_word' id='word_1_43' title='bbox 533 512 721 548; x_wconf 84' lang='lat' dir='ltr'>mactusque</span> <span class='ocrx_word' id='word_1_44' title='bbox 807 507 840 540; x_wconf 82' lang='lat'>9,</span> <span class='ocrx_word' id='word_1_45' title='bbox 867 504 988 536; x_wconf 85' lang='lat' dir='ltr'>Nostra</span> <span class='ocrx_word' id='word_1_46' title='bbox 1016 502 1086 534; x_wconf 86' lang='lat' dir='ltr'>laus</span> <span class='ocrx_word' id='word_1_47' title='bbox 1110 497 1289 531; x_wconf 82' lang='lat' dir='ltr'>succumbit</span> <span class='ocrx_word' id='word_1_48' title='bbox 1311 499 1419 526; x_wconf 76' lang='lat' dir='ltr'>tantae</span> 
     </span>
    </p>
   </div>
   <div class='ocr_carea' id='block_1_4' title="bbox 118 547 1423 1146">
    <p class='ocr_par' dir='ltr' id='par_1_4' title="bbox 220 547 1254 598">
     <span class='ocr_line' id='line_1_8' title="bbox 220 547 1254 598; baseline -0.019 -1"><span class='ocrx_word' id='word_1_49' title='bbox 220 564 349 598; x_wconf 82' lang='lat' dir='ltr'>deitatis</span> <span class='ocrx_word' id='word_1_50' title='bbox 376 568 520 597; x_wconf 90' lang='lat' dir='ltr'>munere,</span> <span class='ocrx_word' id='word_1_51' title='bbox 914 552 972 583; x_wconf 91' lang='lat' dir='ltr'>tibi</span> <span class='ocrx_word' id='word_1_52' title='bbox 1001 552 1095 582; x_wconf 82' lang='lat' dir='ltr'>datae</span> <span class='ocrx_word' id='word_1_53' title='bbox 1121 547 1254 588; x_wconf 84' lang='lat' dir='ltr'>gratiae,</span> 
     </span>
    </p>

    <p class='ocr_par' dir='ltr' id='par_1_5' title="bbox 172 592 1417 696">
     <span class='ocr_line' id='line_1_9' title="bbox 172 592 1417 648; baseline -0.021 -1"><span class='ocrx_word' id='word_1_54' title='bbox 172 615 216 648; x_wconf 89' lang='lat' dir='ltr'>Ut</span> <span class='ocrx_word' id='word_1_55' title='bbox 241 614 373 645; x_wconf 88' lang='lat' dir='ltr'>lucerna</span> <span class='ocrx_word' id='word_1_56' title='bbox 398 608 517 640; x_wconf 82' lang='lat' dir='ltr'>ardens</span> <span class='ocrx_word' id='word_1_57' title='bbox 544 606 610 638; x_wconf 85' lang='lat' dir='ltr'>fide</span> <span class='ocrx_word' id='word_1_58' title='bbox 871 601 951 633; x_wconf 89' lang='lat' dir='ltr'>Dum</span> <span class='ocrx_word' id='word_1_59' title='bbox 968 598 1118 631; x_wconf 88' lang='lat' dir='ltr'>mundum</span> <span class='ocrx_word' id='word_1_60' title='bbox 1134 596 1240 635; x_wconf 87' lang='lat' dir='ltr'>reples</span> <span class='ocrx_word' id='word_1_61' title='bbox 1253 592 1417 625; x_wconf 69' lang='lat' dir='ltr'>doctrinae</span> 
     </span>
     <span class='ocr_line' id='line_1_10' title="bbox 221 649 1304 696; baseline -0.02 -2"><span class='ocrx_word' id='word_1_62' title='bbox 221 662 307 694; x_wconf 89' lang='lat' dir='ltr'>claro</span> <span class='ocrx_word' id='word_1_63' title='bbox 330 660 441 691; x_wconf 87' lang='lat' dir='ltr'>lucens</span> <span class='ocrx_word' id='word_1_64' title='bbox 468 664 577 696; x_wconf 87' lang='lat' dir='ltr'>opere,</span> <span class='ocrx_word' id='word_1_65' title='bbox 919 649 1136 685; x_wconf 80' lang='lat' dir='ltr'>virtutumque</span> <span class='ocrx_word' id='word_1_66' title='bbox 1162 650 1304 683; x_wconf 87' lang='lat' dir='ltr'>munere,</span> 
     </span>
    </p>

    <p class='ocr_par' dir='ltr' id='par_1_6' title="bbox 174 693 1419 794">
     <span class='ocr_line' id='line_1_11' title="bbox 174 693 1419 745; baseline -0.02 -2"><span class='ocrx_word' id='word_1_67' title='bbox 174 713 248 745; x_wconf 88' lang='lat' dir='ltr'>Iure</span> <span class='ocrx_word' id='word_1_68' title='bbox 274 709 361 740; x_wconf 90' lang='lat' dir='ltr'>celso</span> <span class='ocrx_word' id='word_1_69' title='bbox 388 704 579 738; x_wconf 83' lang='lat' dir='ltr'>candelabri</span> <span class='ocrx_word' id='word_1_70' title='bbox 871 699 1003 730; x_wconf 79' lang='lat' dir='ltr'>Famam</span> <span class='ocrx_word' id='word_1_71' title='bbox 1040 693 1223 726; x_wconf 84' lang='lat' dir='ltr'>diffundens</span> <span class='ocrx_word' id='word_1_72' title='bbox 1258 695 1290 721; x_wconf 90' lang='lat' dir='ltr'>et</span> <span class='ocrx_word' id='word_1_73' title='bbox 1312 694 1419 720; x_wconf 85' lang='lat' dir='ltr'>terrae</span> 
     </span>
     <span class='ocr_line' id='line_1_12' title="bbox 222 739 1331 794; baseline -0.021 -3"><span class='ocrx_word' id='word_1_74' title='bbox 222 755 402 791; x_wconf 84' lang='lat' dir='ltr'>sublevaris</span> <span class='ocrx_word' id='word_1_75' title='bbox 428 753 551 794; x_wconf 75' lang='lat' dir='ltr'>stipite.</span> <span class='ocrx_word' id='word_1_76' title='bbox 922 750 952 777; x_wconf 87' lang='lat' dir='ltr'>et</span> <span class='ocrx_word' id='word_1_77' title='bbox 979 745 1059 776; x_wconf 84' lang='lat' dir='ltr'>caeli</span> <span class='ocrx_word' id='word_1_78' title='bbox 1087 751 1144 782; x_wconf 89' lang='lat' dir='ltr'>per</span> <span class='ocrx_word' id='word_1_79' title='bbox 1172 739 1331 771; x_wconf 85' lang='lat' dir='ltr'>cardines.</span> 
     </span>
    </p>

    <p class='ocr_par' dir='ltr' id='par_1_7' title="bbox 118 842 1423 903">
     <span class='ocr_line' id='line_1_13' title="bbox 118 842 1423 903; baseline -0.022 -3"><span class='ocrx_word' id='word_1_80' title='bbox 118 868 149 902; x_wconf 85' lang='lat'>7.</span> <span class='ocrx_word' id='word_1_81' title='bbox 175 866 225 898; x_wconf 90' lang='lat' dir='ltr'>Tu</span> <span class='ocrx_word' id='word_1_82' title='bbox 252 864 440 903; x_wconf 79' lang='lat' dir='ltr'>redemptor</span> <span class='ocrx_word' id='word_1_83' title='bbox 466 859 681 899; x_wconf 88' lang='lat' dir='ltr'>captivorum,</span> <span class='ocrx_word' id='word_1_84' title='bbox 794 855 848 887; x_wconf 88' lang='lat'>10.</span> <span class='ocrx_word' id='word_1_85' title='bbox 876 852 971 884; x_wconf 87' lang='lat' dir='ltr'>Nune</span> <span class='ocrx_word' id='word_1_86' title='bbox 997 856 1177 890; x_wconf 83' lang='lat' dir='ltr'>precamur,</span> <span class='ocrx_word' id='word_1_87' title='bbox 1212 848 1304 884; x_wconf 85' lang='lat' dir='ltr'>pater</span> <span class='ocrx_word' id='word_1_88' title='bbox 1329 842 1423 882; x_wconf 70' lang='lat' dir='ltr'>alme,</span> 
     </span>
    </p>

    <p class='ocr_par' dir='ltr' id='par_1_8' title="bbox 225 893 1289 950">
     <span class='ocr_line' id='line_1_14' title="bbox 225 893 1289 950; baseline -0.022 -4"><span class='ocrx_word' id='word_1_89' title='bbox 225 912 410 945; x_wconf 86' lang='lat' dir='ltr'>consolator</span> <span class='ocrx_word' id='word_1_90' title='bbox 436 915 629 950; x_wconf 81' lang='lat' dir='ltr'>pauperum,</span> <span class='ocrx_word' id='word_1_91' title='bbox 925 903 1001 930; x_wconf 75' lang='lat' dir='ltr'>vota</span> <span class='ocrx_word' id='word_1_92' title='bbox 1026 900 1137 929; x_wconf 82' lang='lat' dir='ltr'>nostra</span> <span class='ocrx_word' id='word_1_93' title='bbox 1163 893 1289 933; x_wconf 88' lang='lat' dir='ltr'>suscipe</span> 
     </span>
    </p>

    <p class='ocr_par' dir='ltr' id='par_1_9' title="bbox 176 943 1372 1046">
     <span class='ocr_line' id='line_1_15' title="bbox 176 943 1372 1002; baseline -0.023 -7"><span class='ocrx_word' id='word_1_94' title='bbox 176 963 290 1002; x_wconf 85' lang='lat' dir='ltr'>Tuque</span> <span class='ocrx_word' id='word_1_95' title='bbox 317 963 412 1000; x_wconf 88' lang='lat' dir='ltr'>pater</span> <span class='ocrx_word' id='word_1_96' title='bbox 439 957 648 998; x_wconf 79' lang='lat' dir='ltr'>pupillorum,</span> <span class='ocrx_word' id='word_1_97' title='bbox 876 949 921 981; x_wconf 85' lang='lat' dir='ltr'>Et</span> <span class='ocrx_word' id='word_1_98' title='bbox 947 948 1051 979; x_wconf 90' lang='lat' dir='ltr'>Iesum</span> <span class='ocrx_word' id='word_1_99' title='bbox 1078 943 1249 982; x_wconf 88' lang='lat' dir='ltr'>benignum</span> <span class='ocrx_word' id='word_1_100' title='bbox 1277 947 1372 979; x_wconf 84' lang='lat' dir='ltr'>posce</span> 
     </span>
     <span class='ocr_line' id='line_1_16' title="bbox 226 995 1333 1046; baseline -0.023 -3"><span class='ocrx_word' id='word_1_101' title='bbox 226 1015 262 1042; x_wconf 88' lang='lat' dir='ltr'>tu</span> <span class='ocrx_word' id='word_1_102' title='bbox 287 1013 390 1041; x_wconf 87' lang='lat' dir='ltr'>mater</span> <span class='ocrx_word' id='word_1_103' title='bbox 416 1006 646 1046; x_wconf 87' lang='lat' dir='ltr'>orphanorum,</span> <span class='ocrx_word' id='word_1_104' title='bbox 927 995 1019 1027; x_wconf 87' lang='lat' dir='ltr'>nobis</span> <span class='ocrx_word' id='word_1_105' title='bbox 1046 1000 1173 1032; x_wconf 85' lang='lat' dir='ltr'>semper</span> <span class='ocrx_word' id='word_1_106' title='bbox 1200 996 1333 1029; x_wconf 83' lang='lat' dir='ltr'>parcere</span> 
     </span>
    </p>

    <p class='ocr_par' dir='ltr' id='par_1_10' title="bbox 179 1036 1375 1146">
     <span class='ocr_line' id='line_1_17' title="bbox 179 1036 1375 1100; baseline -0.023 -8"><span class='ocrx_word' id='word_1_107' title='bbox 179 1060 281 1100; x_wconf 84' lang='lat' dir='ltr'>Vigor</span> <span class='ocrx_word' id='word_1_108' title='bbox 308 1055 574 1098; x_wconf 80' lang='lat' dir='ltr'>paralyticorum,</span> <span class='ocrx_word' id='word_1_109' title='bbox 879 1047 927 1078; x_wconf 94' lang='lat' dir='ltr'>Ac</span> <span class='ocrx_word' id='word_1_110' title='bbox 955 1046 1027 1083; x_wconf 90' lang='lat' dir='ltr'>post</span> <span class='ocrx_word' id='word_1_111' title='bbox 1053 1041 1145 1072; x_wconf 88' lang='lat' dir='ltr'>huius</span> <span class='ocrx_word' id='word_1_112' title='bbox 1170 1039 1265 1070; x_wconf 83' lang='lat' dir='ltr'>tinem</span> <span class='ocrx_word' id='word_1_113' title='bbox 1292 1036 1375 1066; x_wconf 69' lang='lat' dir='ltr'>vitae</span> 
     </span>
     <span class='ocr_line' id='line_1_18' title="bbox 225 1086 1337 1146; baseline -0.023 -6"><span class='ocrx_word' id='word_1_114' title='bbox 225 1107 382 1146; x_wconf 76' lang='lat' dir='ltr'>effugator</span> <span class='ocrx_word' id='word_1_115' title='bbox 410 1103 612 1135; x_wconf 86' lang='lat' dir='ltr'>daemonum.</span> <span class='ocrx_word' id='word_1_116' title='bbox 934 1096 1036 1123; x_wconf 83' lang='lat' dir='ltr'>tecum</span> <span class='ocrx_word' id='word_1_117' title='bbox 1065 1097 1192 1128; x_wconf 86' lang='lat' dir='ltr'>semper</span> <span class='ocrx_word' id='word_1_118' title='bbox 1218 1086 1337 1116; x_wconf 84' lang='lat' dir='ltr'>vivere.</span> 
     </span>
    </p>
   </div>
   <div class='ocr_carea' id='block_1_5' title="bbox 437 1203 1095 1484">
    <p class='ocr_par' dir='ltr' id='par_1_11' title="bbox 437 1203 1095 1484">
     <span class='ocr_line' id='line_1_19' title="bbox 437 1203 973 1242; baseline -0.024 0"><span class='ocrx_word' id='word_1_119' title='bbox 437 1210 493 1242; x_wconf 84' lang='lat'>11.</span> <span class='ocrx_word' id='word_1_120' title='bbox 521 1209 637 1239; x_wconf 80' lang='lat' dir='ltr'>Annue</span> <span class='ocrx_word' id='word_1_121' title='bbox 663 1203 746 1236; x_wconf 86' lang='lat' dir='ltr'>votis</span> <span class='ocrx_word' id='word_1_122' title='bbox 773 1203 973 1242; x_wconf 85' lang='lat' dir='ltr'>poscentum,</span> 
     </span>
     <span class='ocr_line' id='line_1_20' title="bbox 570 1248 982 1294; baseline -0.017 -8"><span class='ocrx_word' id='word_1_123' title='bbox 570 1255 670 1294; x_wconf 84' lang='lat' dir='ltr'>Deus,</span> <span class='ocrx_word' id='word_1_124' title='bbox 698 1251 804 1283; x_wconf 83' lang='lat' dir='ltr'>factor</span> <span class='ocrx_word' id='word_1_125' title='bbox 830 1248 982 1280; x_wconf 84' lang='lat' dir='ltr'>omnium.</span> 
     </span>
     <span class='ocr_line' id='line_1_21' title="bbox 523 1295 1058 1338; baseline -0.024 -2"><span class='ocrx_word' id='word_1_126' title='bbox 523 1304 605 1336; x_wconf 84' lang='lat' dir='ltr'>Esse</span> <span class='ocrx_word' id='word_1_127' title='bbox 632 1301 792 1333; x_wconf 88' lang='lat' dir='ltr'>credimus</span> <span class='ocrx_word' id='word_1_128' title='bbox 819 1306 910 1338; x_wconf 85' lang='lat' dir='ltr'>quem</span> <span class='ocrx_word' id='word_1_129' title='bbox 940 1295 1058 1326; x_wconf 86' lang='lat' dir='ltr'>trinum</span> 
     </span>
     <span class='ocr_line' id='line_1_22' title="bbox 573 1345 1002 1391; baseline -0.023 -8"><span class='ocrx_word' id='word_1_130' title='bbox 573 1355 669 1391; x_wconf 87' lang='lat' dir='ltr'>atque</span> <span class='ocrx_word' id='word_1_131' title='bbox 694 1357 790 1380; x_wconf 89' lang='lat' dir='ltr'>unum</span> <span class='ocrx_word' id='word_1_132' title='bbox 818 1345 1002 1379; x_wconf 72' lang='lat' dir='ltr'>Dominum,</span> 
     </span>
     <span class='ocr_line' id='line_1_23' title="bbox 526 1396 1095 1438; baseline -0.025 -5"><span class='ocrx_word' id='word_1_133' title='bbox 526 1401 640 1433; x_wconf 82' lang='lat' dir='ltr'>Manet</span> <span class='ocrx_word' id='word_1_134' title='bbox 664 1406 757 1438; x_wconf 89' lang='lat' dir='ltr'>quem</span> <span class='ocrx_word' id='word_1_135' title='bbox 784 1396 854 1427; x_wconf 88' lang='lat' dir='ltr'>laus</span> <span class='ocrx_word' id='word_1_136' title='bbox 881 1397 956 1425; x_wconf 87' lang='lat' dir='ltr'>ante</span> <span class='ocrx_word' id='word_1_137' title='bbox 983 1399 1095 1422; x_wconf 73' lang='lat' dir='ltr'>aevum</span> 
     </span>
     <span class='ocr_line' id='line_1_24' title="bbox 575 1445 1004 1484; baseline -0.019 -4"><span class='ocrx_word' id='word_1_138' title='bbox 575 1457 659 1480; x_wconf 90' lang='lat' dir='ltr'>nunc</span> <span class='ocrx_word' id='word_1_139' title='bbox 685 1450 717 1478; x_wconf 89' lang='lat' dir='ltr'>et</span> <span class='ocrx_word' id='word_1_140' title='bbox 742 1446 776 1476; x_wconf 90' lang='lat' dir='ltr'>in</span> <span class='ocrx_word' id='word_1_141' title='bbox 802 1445 1004 1484; x_wconf 85' lang='lat' dir='ltr'>perpetuum.</span> 
     </span>
    </p>
   </div>
   <div class='ocr_carea' id='block_1_6' title="bbox 105 1535 1443 1747">
    <p class='ocr_par' dir='ltr' id='par_1_12' title="bbox 105 1535 1443 1747">
     <span class='ocr_line' id='line_1_25' title="bbox 184 1535 1440 1594; baseline -0.023 -5"><span class='ocrx_word' id='word_1_142' title='bbox 184 1563 294 1590; x_wconf 85' lang='lat' dir='ltr'>Dieser</span> <span class='ocrx_word' id='word_1_143' title='bbox 316 1560 454 1594; x_wconf 73' lang='lat' dir='ltr'>Hymnus</span> <span class='ocrx_word' id='word_1_144' title='bbox 480 1557 519 1583; x_wconf 85' lang='lat' dir='ltr'>ist</span> <span class='ocrx_word' id='word_1_145' title='bbox 543 1555 615 1581; x_wconf 88' lang='lat' dir='ltr'>Acta</span> <span class='ocrx_word' id='word_1_146' title='bbox 638 1550 690 1579; x_wconf 77' lang='lat' dir='ltr'>SS.</span> <span class='ocrx_word' id='word_1_147' title='bbox 706 1550 777 1578; x_wconf 84' lang='lat' dir='ltr'>Feb.</span> <span class='ocrx_word' id='word_1_148' title='bbox 798 1549 821 1581; x_wconf 80' lang='grc' dir='ltr'>Ι,</span> <span class='ocrx_word' id='word_1_149' title='bbox 844 1544 901 1575; x_wconf 78' lang='grc'>912</span> <span class='ocrx_word' id='word_1_150' title='bbox 923 1553 976 1573; x_wconf 85' lang='lat' dir='ltr'>aus</span> <span class='ocrx_word' id='word_1_151' title='bbox 993 1544 1074 1571; x_wconf 81' lang='lat' dir='ltr'>einer</span> <span class='ocrx_word' id='word_1_152' title='bbox 1088 1542 1299 1573; x_wconf 75' lang='lat' dir='ltr'>Antwerpener</span> <span class='ocrx_word' id='word_1_153' title='bbox 1314 1536 1366 1563; x_wconf 67' lang='lat' dir='ltr'>Hs.</span> <span class='ocrx_word' id='word_1_154' title='bbox 1390 1535 1440 1561; x_wconf 88' lang='lat' dir='ltr'>der</span> 
     </span>
     <span class='ocr_line' id='line_1_26' title="bbox 106 1573 1441 1630; baseline -0.024 0"><span class='ocrx_word' id='word_1_155' title='bbox 106 1603 178 1630; x_wconf 84' lang='lat' dir='ltr'>Vita</span> <span class='ocrx_word' id='word_1_156' title='bbox 202 1601 233 1628; x_wconf 80' lang='lat' dir='ltr'>S.</span> <span class='ocrx_word' id='word_1_157' title='bbox 255 1597 384 1626; x_wconf 87' lang='lat' dir='ltr'>Amandi</span> <span class='ocrx_word' id='word_1_158' title='bbox 407 1605 466 1623; x_wconf 87' lang='lat' dir='ltr'>von</span> <span class='ocrx_word' id='word_1_159' title='bbox 488 1594 561 1622; x_wconf 86' lang='lat' dir='ltr'>Milo</span> <span class='ocrx_word' id='word_1_160' title='bbox 586 1592 744 1622; x_wconf 64' lang='lat' dir='ltr'>Elnonen„</span> <span class='ocrx_word' id='word_1_161' title='bbox 766 1588 856 1615; x_wconf 85' lang='lat' dir='ltr'>deren</span> <span class='ocrx_word' id='word_1_162' title='bbox 877 1585 960 1613; x_wconf 83' lang='lat' dir='ltr'>Alter</span> <span class='ocrx_word' id='word_1_163' title='bbox 982 1582 1065 1610; x_wconf 78' lang='lat' dir='ltr'>nicht</span> <span class='ocrx_word' id='word_1_164' title='bbox 1087 1579 1256 1615; x_wconf 75' lang='lat' dir='ltr'>angegeben</span> <span class='ocrx_word' id='word_1_165' title='bbox 1279 1575 1351 1601; x_wconf 82' lang='lat' dir='ltr'>wird</span> <span class='ocrx_word' id='word_1_166' title='bbox 1371 1573 1441 1608; x_wconf 76' lang='lat' dir='ltr'>[vgl.</span> 
     </span>
     <span class='ocr_line' id='line_1_27' title="bbox 107 1613 1443 1671; baseline -0.023 -2"><span class='ocrx_word' id='word_1_167' title='bbox 107 1641 137 1670; x_wconf 87' lang='lat' dir='ltr'>S.</span> <span class='ocrx_word' id='word_1_168' title='bbox 159 1637 225 1668; x_wconf 85' lang='lat'>853.</span> <span class='ocrx_word' id='word_1_169' title='bbox 247 1648 275 1666; x_wconf 90' lang='lat' dir='ltr'>n.</span> <span class='ocrx_word' id='word_1_170' title='bbox 302 1635 370 1669; x_wconf 75' lang='grc'><strong>129)</strong></span> <span class='ocrx_word' id='word_1_171' title='bbox 391 1633 584 1671; x_wconf 67' lang='lat' dir='ltr'>abgedruckt,</span> <span class='ocrx_word' id='word_1_172' title='bbox 607 1631 677 1658; x_wconf 84' lang='lat' dir='ltr'>aber</span> <span class='ocrx_word' id='word_1_173' title='bbox 699 1638 741 1661; x_wconf 85' lang='lat' dir='ltr'>so,</span> <span class='ocrx_word' id='word_1_174' title='bbox 763 1627 828 1654; x_wconf 79' lang='lat' dir='ltr'>dass</span> <span class='ocrx_word' id='word_1_175' title='bbox 850 1621 1093 1652; x_wconf 68' lang='lat' dir='ltr'>hintereinander</span> <span class='ocrx_word' id='word_1_176' title='bbox 1115 1621 1174 1645; x_wconf 82' lang='lat' dir='ltr'>erst</span> <span class='ocrx_word' id='word_1_177' title='bbox 1195 1616 1252 1643; x_wconf 81' lang='lat' dir='ltr'>alle</span> <span class='ocrx_word' id='word_1_178' title='bbox 1275 1613 1443 1649; x_wconf 69' lang='lat' dir='ltr'>ungeradcn</span> 
     </span>
     <span class='ocr_line' id='line_1_28' title="bbox 105 1653 1443 1708; baseline -0.024 0"><span class='ocrx_word' id='word_1_179' title='bbox 105 1680 207 1708; x_wconf 86' lang='lat' dir='ltr'>Zeilen</span> <span class='ocrx_word' id='word_1_180' title='bbox 235 1676 409 1705; x_wconf 75' lang='lat' dir='ltr'>s&#39;amtlicher</span> <span class='ocrx_word' id='word_1_181' title='bbox 435 1672 584 1708; x_wconf 77' lang='lat' dir='ltr'>Strophen</span> <span class='ocrx_word' id='word_1_182' title='bbox 614 1669 673 1697; x_wconf 87' lang='lat' dir='ltr'>und</span> <span class='ocrx_word' id='word_1_183' title='bbox 702 1668 781 1694; x_wconf 86' lang='lat' dir='ltr'>dann</span> <span class='ocrx_word' id='word_1_184' title='bbox 808 1665 917 1692; x_wconf 79' lang='lat' dir='ltr'>ebenso</span> <span class='ocrx_word' id='word_1_185' title='bbox 946 1662 1004 1689; x_wconf 84' lang='lat' dir='ltr'>alle</span> <span class='ocrx_word' id='word_1_186' title='bbox 1034 1658 1161 1696; x_wconf 80' lang='lat' dir='ltr'>geraden</span> <span class='ocrx_word' id='word_1_187' title='bbox 1188 1655 1296 1691; x_wconf 72' lang='lat' dir='ltr'>fulgen.</span> <span class='ocrx_word' id='word_1_188' title='bbox 1340 1653 1443 1679; x_wconf 58' lang='lat' dir='ltr'>Dieses</span> 
     </span>
     <span class='ocr_line' id='line_1_29' title="bbox 105 1690 1441 1747; baseline -0.024 0"><span class='ocrx_word' id='word_1_189' title='bbox 105 1718 239 1747; x_wconf 78' lang='lat' dir='ltr'>sinnlose</span> <span class='ocrx_word' id='word_1_190' title='bbox 262 1716 366 1744; x_wconf 83' lang='lat' dir='ltr'>Etwas</span> <span class='ocrx_word' id='word_1_191' title='bbox 394 1714 446 1741; x_wconf 89' lang='lat' dir='ltr'>hat</span> <span class='ocrx_word' id='word_1_192' title='bbox 467 1712 547 1739; x_wconf 86' lang='lat' dir='ltr'>daun</span> <span class='ocrx_word' id='word_1_193' title='bbox 569 1710 679 1745; x_wconf 80' lang='lat' dir='ltr'>Migne,</span> <span class='ocrx_word' id='word_1_194' title='bbox 702 1706 760 1734; x_wconf 88' lang='grc' dir='ltr'>ΡΡ.</span> <span class='ocrx_word' id='word_1_195' title='bbox 774 1705 834 1732; x_wconf 84' lang='lat' dir='ltr'>LL.</span> <span class='ocrx_word' id='word_1_196' title='bbox 857 1701 902 1735; x_wconf 79' lang='lat'>87,</span> <span class='ocrx_word' id='word_1_197' title='bbox 928 1699 1011 1733; x_wconf 77' lang='lat'>1275,</span> <span class='ocrx_word' id='word_1_198' title='bbox 1033 1696 1199 1735; x_wconf 80' lang='lat' dir='ltr'>getrenlich</span> <span class='ocrx_word' id='word_1_199' title='bbox 1220 1690 1441 1728; x_wconf 69' lang='lat' dir='ltr'>nachgedrnakt</span> 
     </span>
    </p>
   </div>
   <div class='ocr_carea' id='block_1_7' title="bbox 306 1876 1255 1929">
    <p class='ocr_par' dir='ltr' id='par_1_13' title="bbox 306 1876 1255 1929">
     <span class='ocr_line' id='line_1_30' title="bbox 306 1876 1255 1929; baseline -0.024 0"><span class='ocrx_word' id='word_1_200' title='bbox 306 1897 361 1929; x_wconf 83' lang='lat'>112.</span> <span class='ocrx_word' id='word_1_201' title='bbox 404 1896 438 1927; x_wconf 88' lang='lat' dir='ltr'>ln</span> <span class='ocrx_word' id='word_1_202' title='bbox 463 1891 685 1925; x_wconf 80' lang='lat' dir='ltr'>Translatione</span> <span class='ocrx_word' id='word_1_203' title='bbox 710 1897 749 1920; x_wconf 87' lang='lat' dir='ltr'>ss.</span> <span class='ocrx_word' id='word_1_204' title='bbox 772 1885 888 1922; x_wconf 81' lang='lat' dir='ltr'>Amati,</span> <span class='ocrx_word' id='word_1_205' title='bbox 910 1879 1076 1914; x_wconf 73' lang='lat' dir='ltr'>Romarici,</span> <span class='ocrx_word' id='word_1_206' title='bbox 1100 1876 1255 1917; x_wconf 74' lang='lat' dir='ltr'>Adelphii.</span> 
     </span>
    </p>
   </div>
   <div class='ocr_carea' id='block_1_8' title="bbox 110 1978 1405 2139">
    <p class='ocr_par' dir='ltr' id='par_1_14' title="bbox 110 1978 1405 2139">
     <span class='ocr_line' id='line_1_31' title="bbox 110 1978 1246 2040; baseline -0.027 -2"><span class='ocrx_word' id='word_1_207' title='bbox 110 2005 142 2040; x_wconf 86' lang='lat'>1.</span> <span class='ocrx_word' id='word_1_208' title='bbox 168 2002 345 2036; x_wconf 84' lang='lat' dir='ltr'>Exsultent</span> <span class='ocrx_word' id='word_1_209' title='bbox 372 1998 501 2040; x_wconf 84' lang='lat' dir='ltr'>agmina</span> <span class='ocrx_word' id='word_1_210' title='bbox 529 1994 594 2036; x_wconf 89' lang='lat' dir='ltr'>poli</span> <span class='ocrx_word' id='word_1_211' title='bbox 811 1989 844 2020; x_wconf 85' lang='lat'>3.</span> <span class='ocrx_word' id='word_1_212' title='bbox 873 1984 1001 2016; x_wconf 80' lang='lat' dir='ltr'>Vexillo</span> <span class='ocrx_word' id='word_1_213' title='bbox 1029 1981 1133 2013; x_wconf 83' lang='lat' dir='ltr'>crucis</span> <span class='ocrx_word' id='word_1_214' title='bbox 1159 1978 1246 2009; x_wconf 86' lang='lat' dir='ltr'>edito</span> 
     </span>
     <span class='ocr_line' id='line_1_32' title="bbox 170 2029 1405 2089; baseline -0.026 -4"><span class='ocrx_word' id='word_1_215' title='bbox 170 2052 219 2085; x_wconf 92' lang='lat' dir='ltr'>Ob</span> <span class='ocrx_word' id='word_1_216' title='bbox 248 2048 447 2089; x_wconf 88' lang='lat' dir='ltr'>triumphum</span> <span class='ocrx_word' id='word_1_217' title='bbox 476 2042 632 2077; x_wconf 88' lang='lat' dir='ltr'>antistitis</span> <span class='ocrx_word' id='word_1_218' title='bbox 873 2033 996 2068; x_wconf 88' lang='lat' dir='ltr'>Urbem</span> <span class='ocrx_word' id='word_1_219' title='bbox 1025 2040 1041 2062; x_wconf 92' lang='lat' dir='ltr'>e</span> <span class='ocrx_word' id='word_1_220' title='bbox 1067 2029 1196 2060; x_wconf 84' lang='lat' dir='ltr'>flamma</span> <span class='ocrx_word' id='word_1_221' title='bbox 1223 2029 1405 2065; x_wconf 72' lang='lat' dir='ltr'>protegens,</span> 
     </span>
     <span class='ocr_line' id='line_1_33' title="bbox 168 2074 1290 2139; baseline -0.028 -5"><span class='ocrx_word' id='word_1_222' title='bbox 168 2098 346 2139; x_wconf 84' lang='lat' dir='ltr'>Arnulphi‚</span> <span class='ocrx_word' id='word_1_223' title='bbox 372 2105 466 2136; x_wconf 89' lang='lat' dir='ltr'>quem</span> <span class='ocrx_word' id='word_1_224' title='bbox 492 2091 672 2134; x_wconf 85' lang='lat' dir='ltr'>paraclitus</span> <span class='ocrx_word' id='word_1_225' title='bbox 873 2083 1055 2116; x_wconf 80' lang='lat' dir='ltr'>Sanxerunt</span> <span class='ocrx_word' id='word_1_226' title='bbox 1084 2079 1155 2109; x_wconf 78' lang='lat' dir='ltr'>loca</span> <span class='ocrx_word' id='word_1_227' title='bbox 1181 2074 1290 2105; x_wconf 82' lang='lat' dir='ltr'>eremi.</span> 
     </span>
    </p>
   </div>
   <div class='ocr_carea' id='block_1_9' title="bbox 172 2123 1313 2183">
    <p class='ocr_par' dir='ltr' id='par_1_15' title="bbox 172 2123 1313 2183">
     <span class='ocr_line' id='line_1_34' title="bbox 172 2123 1313 2183; baseline -0.025 -1"><span class='ocrx_word' id='word_1_228' title='bbox 172 2145 422 2182; x_wconf 87' lang='lat' dir='ltr'>Praenuntiavit</span> <span class='ocrx_word' id='word_1_229' title='bbox 447 2142 593 2183; x_wconf 88' lang='lat' dir='ltr'>spiritus.</span> <span class='ocrx_word' id='word_1_230' title='bbox 875 2132 979 2164; x_wconf 87' lang='lat' dir='ltr'>Adest</span> <span class='ocrx_word' id='word_1_231' title='bbox 1009 2131 1145 2160; x_wconf 85' lang='lat' dir='ltr'>Amatus</span> <span class='ocrx_word' id='word_1_232' title='bbox 1173 2123 1313 2155; x_wconf 67' lang='lat' dir='ltr'>inclitus.</span> 
     </span>
    </p>
   </div>
   <div class='ocr_carea' id='block_1_10' title="bbox 111 2227 1364 2394">
    <p class='ocr_par' dir='ltr' id='par_1_16' title="bbox 111 2227 1364 2394">
     <span class='ocr_line' id='line_1_35' title="bbox 111 2227 1335 2295; baseline -0.028 -5"><span class='ocrx_word' id='word_1_233' title='bbox 111 2261 144 2292; x_wconf 86' lang='lat'>2.</span> <span class='ocrx_word' id='word_1_234' title='bbox 171 2255 315 2295; x_wconf 85' lang='lat' dir='ltr'>Fulgens</span> <span class='ocrx_word' id='word_1_235' title='bbox 342 2252 374 2282; x_wconf 89' lang='lat' dir='ltr'>iu</span> <span class='ocrx_word' id='word_1_236' title='bbox 402 2248 514 2280; x_wconf 90' lang='lat' dir='ltr'>mundi</span> <span class='ocrx_word' id='word_1_237' title='bbox 541 2246 643 2288; x_wconf 80' lang='lat' dir='ltr'>glon‘a</span> <span class='ocrx_word' id='word_1_238' title='bbox 815 2242 847 2273; x_wconf 87' lang='lat'>4.</span> <span class='ocrx_word' id='word_1_239' title='bbox 876 2238 1046 2270; x_wconf 83' lang='lat' dir='ltr'>Certantes</span> <span class='ocrx_word' id='word_1_240' title='bbox 1073 2242 1143 2264; x_wconf 88' lang='lat' dir='ltr'>cum</span> <span class='ocrx_word' id='word_1_241' title='bbox 1172 2227 1335 2267; x_wconf 81' lang='lat' dir='ltr'>Adelphio</span> 
     </span>
     <span class='ocr_line' id='line_1_36' title="bbox 176 2277 1300 2338; baseline -0.028 -1"><span class='ocrx_word' id='word_1_242' title='bbox 176 2305 258 2338; x_wconf 93' lang='lat' dir='ltr'>Cum</span> <span class='ocrx_word' id='word_1_243' title='bbox 284 2298 458 2334; x_wconf 82' lang='lat' dir='ltr'>Romarico</span> <span class='ocrx_word' id='word_1_244' title='bbox 485 2295 655 2328; x_wconf 88' lang='lat' dir='ltr'>consulens</span> <span class='ocrx_word' id='word_1_245' title='bbox 875 2286 1078 2319; x_wconf 86' lang='lat' dir='ltr'>Coronantur</span> <span class='ocrx_word' id='word_1_246' title='bbox 1105 2291 1123 2311; x_wconf 85' lang='lat' dir='ltr'>a</span> <span class='ocrx_word' id='word_1_247' title='bbox 1150 2277 1300 2317; x_wconf 89' lang='lat' dir='ltr'>Domino,</span> 
     </span>
     <span class='ocr_line' id='line_1_37' title="bbox 170 2325 1364 2394; baseline -0.026 -9"><span class='ocrx_word' id='word_1_248' title='bbox 170 2354 319 2394; x_wconf 88' lang='lat' dir='ltr'>Regnum</span> <span class='ocrx_word' id='word_1_249' title='bbox 348 2352 380 2379; x_wconf 85' lang='lat' dir='ltr'>et</span> <span class='ocrx_word' id='word_1_250' title='bbox 406 2354 514 2386; x_wconf 88' lang='lat' dir='ltr'>regem</span> <span class='ocrx_word' id='word_1_251' title='bbox 538 2344 702 2383; x_wconf 86' lang='lat' dir='ltr'>deserens,</span> <span class='ocrx_word' id='word_1_252' title='bbox 874 2335 942 2366; x_wconf 90' lang='lat' dir='ltr'>Nos</span> <span class='ocrx_word' id='word_1_253' title='bbox 969 2333 1095 2364; x_wconf 77' lang='lat' dir='ltr'>salvent</span> <span class='ocrx_word' id='word_1_254' title='bbox 1123 2328 1185 2368; x_wconf 88' lang='lat' dir='ltr'>piis</span> <span class='ocrx_word' id='word_1_255' title='bbox 1212 2325 1364 2366; x_wconf 88' lang='lat' dir='ltr'>precibus</span> 
     </span>
    </p>
   </div>
   <div class='ocr_carea' id='block_1_11' title="bbox 170 2373 1408 2444">
    <p class='ocr_par' dir='ltr' id='par_1_17' title="bbox 170 2373 1408 2444">
     <span class='ocr_line' id='line_1_38' title="bbox 170 2373 1408 2444; baseline -0.026 -10"><span class='ocrx_word' id='word_1_256' title='bbox 170 2403 272 2444; x_wconf 82' lang='lat' dir='ltr'>Quem</span> <span class='ocrx_word' id='word_1_257' title='bbox 300 2393 504 2437; x_wconf 85' lang='lat' dir='ltr'>gubernabat</span> <span class='ocrx_word' id='word_1_258' title='bbox 530 2391 670 2424; x_wconf 80' lang='lat' dir='ltr'>fortiter.</span> <span class='ocrx_word' id='word_1_259' title='bbox 877 2383 1008 2422; x_wconf 88' lang='lat' dir='ltr'>Nosque</span> <span class='ocrx_word' id='word_1_260' title='bbox 1036 2378 1177 2411; x_wconf 76' lang='lat' dir='ltr'>reddant</span> <span class='ocrx_word' id='word_1_261' title='bbox 1204 2373 1408 2406; x_wconf 84' lang='lat' dir='ltr'>caelestibus.</span> 
     </span>
    </p>
   </div>
  </div>
 </body>
</html>
