1653 2656
752 158 1011 193 —219-

635 248 700 280 366.
743 250 784 282 De
807 254 915 284 sancto
937 252 1119 285 Laurentio.

214 329 244 362 1.
272 330 445 375 Extingue,
473 339 608 377 martyr,
637 339 773 376 grandia

272 378 504 413 Discriminum
530 383 691 424 incendia,

274 426 318 459 Ut
345 437 443 467 puros
470 439 527 462 nos
554 431 681 465 siderea

272 475 455 516 Receptent
479 487 604 511 sursum
632 483 761 520 gaudia.

913 343 944 374 2.
970 342 1058 383 Ergo
1085 348 1126 382 te,
1154 350 1286 386 martyr,
1313 347 1478 386 supplices

972 390 1156 432 Precamur,
1184 398 1218 424 ut
1242 404 1300 426 nos
1326 395 1435 426 visites

970 438 1100 479 Nosque
1126 441 1199 473 Iesu
1225 443 1386 484 concilies,

969 486 1013 519 Ut
1039 488 1137 519 simus
1165 490 1227 529 ipsi
1254 495 1428 530 compotes,

606 578 637 610 3.
666 578 724 610 Cui
751 580 835 619 proli
860 583 1061 614 sanctissimo

664 626 742 658 Cum
769 632 863 667 patre
888 630 958 662 laus
988 632 1130 672 ingenito

666 674 715 706 Sit
741 675 781 707 ab
808 680 943 718 utroque
970 680 1067 718 parili

665 723 838 764 Honorque
865 725 935 758 fuso
962 726 1093 760 flamini.

285 813 368 840 Brev.
399 823 451 841 ms.
483 816 653 845 Senoneuse
683 827 759 846 saec.
790 819 832 847 14.
861 821 931 849 Cod.
960 823 1055 851 Vatic.
1087 825 1158 860 fleg
1184 824 1244 853 153
1268 827 1300 853 Α.
1326 843 1359 846 —
1384 829 1465 855 Urev.
1490 828 1539 856 Se·-

207 860 339 879 nonenso
363 853 433 889 imp.
456 862 478 880 S.
502 855 519 881 l.
542 859 618 882 eta.
643 858 673 884 B.
698 872 731 876 —
755 856 781 890 3
804 857 821 885 2
842 860 915 888 Cum
938 861 1020 897 prole
1043 862 1107 889 laus
1130 864 1162 890 B.

631 1037 697 1070 367.
741 1038 782 1070 De
804 1043 912 1071 sancto
934 1041 1115 1073 Laurentio.

202 1124 231 1156 1.
262 1124 380 1165 Pange,
412 1125 530 1166 lingua,
558 1127 690 1166 gloriosi

308 1173 467 1212 proelium
493 1174 670 1215 Laurentii,

257 1220 329 1251 Hac
356 1221 408 1252 die
435 1222 488 1261 qui
515 1223 667 1254 mundum
695 1224 773 1255 vicit

305 1269 364 1300 sub
392 1269 491 1301 Decio
518 1271 658 1303 Caesare

257 1318 298 1349 Et
326 1318 488 1350 destruxit
514 1324 616 1351 morte
646 1324 781 1352 mortem

304 1366 420 1398 missus
446 1367 479 1398 in
506 1368 673 1401 craticula.

193 1463 225 1494 2.
254 1462 315 1501 Qui
343 1463 417 1494 dum
446 1469 529 1494 esset
556 1464 588 1495 in
615 1466 783 1497 tormentis

302 1512 426 1550 positus
453 1512 639 1553 craticulae,

252 1559 468 1592 Exclamabat
495 1570 611 1601 magna
638 1571 715 1593 voce

301 1617 364 1639 non
390 1613 495 1640 motus
521 1610 700 1649 supplicio:

251 1655 324 1689 Non
352 1657 500 1690 ardorem
525 1658 601 1689 inihi
629 1668 754 1698 prunae

300 1705 389 1746 dant,
416 1707 472 1738 sed
501 1706 715 1747 refrigerium.

190 1803 220 1836 3.
248 1801 339 1834 Tunc
363 1804 556 1843 spectabant
580 1807 780 1839 admirantes

296 1851 386 1892 impii
415 1853 635 1895 Laurentium,

247 1899 345 1932 Cuius
373 1909 487 1933 carnes
515 1903 727 1936 devastabant

294 1949 475 1982 invocantis
502 1951 673 1985 Dominum

246 1998 334 2038 Ignis
362 2008 472 2036 vorax,
500 2001 598 2032 carbo
625 2002 716 2034 vivus

293 2047 430 2088 imperio
458 2048 616 2082 Caesaris.

183 2146 216 2176 4.
243 2145 342 2184 Quem
371 2154 440 2176 cum
470 2146 562 2189 vidit,
591 2147 674 2179 dixit
702 2145 777 2191 [illi]

293 2192 406 2224 beatus
434 2193 645 2228 Laurentius:

245 2242 324 2273 Pars
352 2241 431 2273 haec
456 2243 536 2274 satis
562 2248 612 2275 est
637 2249 756 2285 assata,

292 2289 437 2321 subverti
462 2288 514 2322 fac
540 2292 636 2324 aliam

242 2339 283 2370 Et
315 2338 475 2370 manduca
501 2345 625 2379 partem
653 2341 762 2381 illam3

292 2392 368 2418 tunc
395 2386 500 2418 emisit
526 2388 688 2428 spiritum.

897 1133 928 1165 5.
957 1134 1055 1170 Quem
1084 1133 1196 1165 beatus
1225 1135 1271 1166 vir
1300 1136 1439 1168 Iustinus

891 1471 921 1502 6.

1007 1186 1137 1213 sanctus
1165 1186 1195 1213 et
1221 1183 1421 1224 Hippolytus

954 1229 1161 1268 Acceperunt
1194 1236 1223 1261 et
1251 1233 1282 1263 in
1309 1241 1386 1273 agro

1004 1278 1130 1309 Verano
1154 1280 1325 1319 sepeliunt,

952 1325 1073 1357 Romae
1098 1328 1150 1358 via
1175 1327 1356 1369 Tiburtina,

1000 1373 1155 1413 cyriacae
1182 1377 1325 1415 praedio.

950 1470 1009 1509 Qui
1036 1480 1120 1502 nunc
1146 1472 1229 1503 iacet
1256 1474 1392 1505 ecclesia

999 1519 1086 1550 dicta
1113 1529 1169 1551 suo
1196 1523 1323 1553 nomine

948 1567 1053 1599 Extra
1080 1578 1187 1600 muros
1214 1570 1353 1602 civitatis

997 1616 1028 1647 in
1056 1617 1137 1648 cista
1163 1627 1342 1651 marmorea

947 1663 1001 1704 Et,
1029 1668 1064 1696 ut
1090 1665 1199 1697 dicunt
1229 1667 1358 1709 Romae,
1389 1670 1481 1700 cessit

995 1719 1107 1745 sancto
1133 1718 1375 1756 protomartyri.

911 1835 918 1843 .
945 1809 1044 1850 Ergo,
1073 1816 1197 1852 martyr
1226 1813 1375 1853 gloriose„

997 1859 1174 1899 deprecare
1201 1861 1371 1894 Dominum

948 1907 1010 1939 Pro
1036 1908 1128 1940 nobis
1156 1911 1392 1953 peccatoribus,

993 1961 1027 1987 ut
1054 1967 1111 1988 nos
1138 1959 1201 1989 tuis
1229 1960 1380 1998 precibus

945 2006 1133 2037 Ascendere
1162 2016 1342 2040 mereamur

997 2054 1038 2085 ad
1067 2055 1147 2086 caeli
1173 2057 1340 2095 palatium.

913 2176 918 2182 .
947 2150 1036 2189 Quod
1067 2155 1235 2191 praestare
1262 2154 1353 2186 nobis
1381 2160 1475 2195 pater

999 2199 1149 2240 dignetur
1175 2207 1205 2232 et
1233 2202 1317 2234 tilius

945 2245 988 2277 Et
1015 2249 1195 2287 procedens
1222 2250 1262 2281 ab
1289 2256 1425 2292 utroque

994 2297 1172 2335 paraclitus
1199 2300 1343 2341 spiritus,

945 2344 1066 2384 Quibus
1093 2346 1162 2377 laus
1189 2352 1219 2377 et
1247 2353 1392 2387 potestas

992 2402 1052 2432 per
1077 2398 1208 2426 aeterna
1236 2398 1375 2430 saecula.

259 2483 366 2510 Diurn.
389 2492 441 2509 ins.
464 2482 636 2512 Senonense
658 2493 736 2512 saec.
761 2483 805 2513 14.
828 2485 898 2514 Cod.
920 2487 1057 2516 Vatican.
1079 2489 1152 2525 Reg.
1175 2489 1235 2517 182.
