1653 2656
677 142 725 148 —
775 125 845 160 209
897 144 941 151 ·—-

143 210 176 244 3.
203 211 320 245 Iustini
346 214 546 250 lastinianus
842 226 873 259 6.
903 225 1130 271 Revertantur,
1157 229 1363 262 Belvacensis

253 261 373 294 Frater
398 265 489 297 exsul
516 268 634 311 patria,
950 274 1027 306 Illos
1053 276 1135 308 silva
1159 278 1285 318 recipit,

203 308 374 343 Ambianis
402 313 487 352 quod
514 315 557 346 sit
583 325 679 350 sanus
900 321 964 354 Sed
990 324 1123 363 paganis
1148 327 1365 365 praeostensis

252 357 345 398 Lupo
373 361 453 392 dans
480 362 644 404 obsequia,
949 370 1053 410 Specu
1080 371 1197 405 fratres
1223 375 1330 415 eripit,

204 406 312 438 Iustus
339 414 450 441 narrat
477 415 583 443 mente
609 422 707 446 canus
902 418 1004 458 Caput
1032 421 1112 452 Iusti
1138 426 1266 454 truncat
1292 424 1392 465 ensis,

250 454 311 486 Dei
338 465 398 496 per
423 458 554 492 indicia.
949 467 1068 499 Iustum
1098 469 1184 501 Deus
1210 472 1356 511 suscipit.

139 560 171 593 4.
198 560 297 593 Pater
322 563 425 604 audit,
453 566 582 607 gaudet,
611 569 701 600 vadit
840 572 872 604 7.
899 573 978 604 lusti
1005 579 1101 613 caput
1127 576 1212 614 patri
1239 575 1326 608 fatur

251 609 330 642 Eius
356 610 489 644 fratrem
517 624 682 658 quaerere,
944 622 981 653 ln
1010 623 1088 654 miro
1115 624 1286 656 miraculo:

201 657 295 690 Hanc
320 660 353 691 in
381 661 465 692 viam
492 671 562 694 sese
588 665 689 696 tradit
899 669 1003 708 Caput
1030 671 1126 702 matri
1153 670 1329 714 deferatur,

250 706 357 746 Pater,
387 710 494 741 Iustus
520 720 670 752 propere,
945 717 1068 758 Corpus
1096 719 1190 751 detur
1215 722 1355 759 tumulo;

199 754 300 787 Urbis
326 756 433 789 dictae
459 759 561 790 civem
587 761 655 792 adit
899 765 995 796 Paret
1020 766 1086 806 ille,
1114 776 1230 807 eorpus
1258 769 1352 801 datur

246 803 371 844 Lupum
398 810 492 846 pater
518 817 684 849 prospere.
946 813 1135 846 Belvaoensi
1162 816 1276 849 loculo.

137 911 169 943 5.
195 908 314 942 Frater
347 911 479 945 fratrem
507 924 570 946 non
598 917 772 957 cognoscit,
835 921 866 952 8.
895 919 981 950 Laus
1008 923 1039 951 et
1064 921 1166 952 honor
1191 923 1276 961 patri
1302 923 1406 964 detur,

247 959 311 991 Sed
337 969 357 992 a
383 962 473 993 Iusto
499 964 652 1003 noscitur,
942 967 1054 999 Honor
1079 972 1110 999 et
1136 969 1207 1001 laus
1232 971 1349 1013 genito,

196 1008 295 1046 Quem
308 1008 492 1048 perflamen
504 1015 647 1042 sanctum
657 1013 770 1054 noscit,
893 1014 978 1046 Laus
1006 1019 1038 1046 et
1063 1016 1165 1048 honor
1190 1019 1370 1050 cumuletur

243 1056 312 1096 Quo
337 1057 433 1098 plene
459 1057 677 1098 perfunditur,
941 1062 1079 1095 Flamini
1106 1066 1274 1105 paraclito,

197 1102 315 1135 Frater
341 1105 436 1137 reddi
462 1105 594 1138 fratrem
621 1108 736 1149 poscit,
891 1112 920 1141 A
947 1120 1009 1149 quo
1034 1111 1126 1143 nobis
1153 1114 1352 1146 condonetur

242 1152 330 1183 Aere
355 1154 456 1193 gratis
484 1154 644 1187 redditur.
941 1159 1013 1190 Vita
1040 1160 1119 1191 Iusti
1144 1162 1269 1194 merito.

210 1256 294 1285 Brev.
318 1256 543 1286 silvanectense
566 1261 635 1294 imp.
657 1260 781 1288 Parisiis
807 1260 888 1289 1521.
911 1277 947 1282 —
970 1261 996 1296 2,
1018 1263 1036 1291 4
1058 1265 1093 1292 de
1115 1266 1233 1294 falacia-

520 1440 582 1471 351.
624 1441 657 1472 ln
681 1451 721 1472 ss.
745 1442 823 1474 lusti
845 1446 878 1474 et
900 1444 1074 1476 Clementis.

371 1540 401 1573 1.
431 1541 558 1573 Laudes
586 1542 723 1574 ecclesia
750 1544 836 1576 canit
863 1545 1022 1578 catholica

432 1588 622 1621 Sanctorum
649 1600 756 1623 annua
782 1593 889 1624 colens
917 1594 1094 1637 sollemnia,

474 1638 554 1670 Iusti
580 1643 676 1679 atque
703 1640 877 1672 Clementis

529 1686 608 1719 Dies
635 1687 763 1720 refulsit
789 1690 937 1725 celebriS.

367 1795 399 1827 2.
428 1793 470 1825 Hi
500 1797 574 1826 sunt
602 1796 665 1827 duo
692 1796 753 1828 viri
780 1797 1034 1838 misericordiae,

425 1843 566 1882 Quorum
593 1844 735 1877 iustitiae
762 1849 835 1878 sunt
862 1847 895 1878 in
922 1849 1078 1880 memoria

470 1891 539 1923 Nec
565 1893 597 1924 in
625 1892 820 1926 oblivionem

529 1941 678 1982 Unquam
704 1947 799 1974 erunt
823 1953 883 1983 per
910 1945 1050 1978 saecula.

362 2048 394 2080 3.
421 2047 465 2079 Hi
492 2048 575 2080 duae
601 2048 705 2080 olivae
731 2047 848 2081 florent
875 2049 1064 2082 fructiferae

422 2095 460 2128 In
487 2097 581 2129 domo
607 2097 738 2129 Domini
764 2101 797 2129 ut
825 2098 915 2130 cedri
941 2098 1058 2130 Libani

464 2145 506 2176 Et
536 2145 598 2177 duo
625 2146 823 2178 candelabra

522 2195 608 2225 Ante
634 2194 737 2226 Deum
764 2195 917 2229 lucentia.

357 2301 389 2332 4.
421 2300 588 2333 Prostrato
613 2310 753 2342 aequore
779 2302 933 2342 navigant
959 2311 1116 2343 prospere

417 2347 576 2381 Doctores
602 2349 679 2382 fidei
704 2358 946 2390 praeconesque
972 2350 1033 2382 Dei

462 2397 625 2430 Pellentes
651 2399 793 2431 Arianae

519 2445 652 2478 Falsum
681 2447 796 2488 dogma
823 2445 991 2488 perfidiae.

166 2505 312 2534 Dreves,
331 2504 435 2534 Hymni
452 2504 567 2528 Inediti.
600 2505 661 2528 vn.
1238 2507 1274 2535 14
