1653 2656
758 145 1019 181 —237—

225 230 255 262 7.
284 231 322 264 In
348 242 430 272 pace
457 244 527 267 cum
556 237 740 281 dimittitur,
921 247 953 278 8.
981 244 1031 277 Sis
1057 246 1149 278 nobis
1176 251 1209 279 tu
1236 250 1377 289 propitia

283 279 370 312 Voce
397 282 507 315 divina
534 285 670 318 dicitur:
979 293 1072 325 Nunc
1099 297 1283 328 excusando
1309 298 1398 337 vitia,

284 327 385 361 Fides
411 334 466 363 tua
492 336 524 364 te
550 334 672 366 salvam
699 335 787 380 fecit,
978 340 1148 375 Peccando
1175 353 1256 384 quae
1283 346 1510 384 commisimus,

284 377 373 416 Quae
400 379 502 412 Deum
534 391 584 413 me
609 392 679 415 esse
706 386 856 420 credidit.
978 390 1043 422 Ora
1069 400 1127 430 pro
1155 393 1255 434 nobis,
1287 403 1490 433 quaesumus.

622 491 653 522 9.
682 490 730 523 sit
756 492 825 524 laus
852 496 938 533 patri
963 496 1119 529 altissimo

678 539 853 581 Honorque
879 543 946 574 eius
971 543 1037 575 filio

680 587 757 619 Cum
784 590 901 629 spiritu
927 593 1086 630 paraclito

681 636 717 666 In
745 638 941 677 sempiterna
967 641 1104 672 saecula.

297 734 384 761 Brev.
414 745 466 762 ins.
489 737 688 766 Altovadense
717 742 787 768 anni
820 740 901 769 1583.
924 744 994 770 Cod.
1017 745 1196 774 Altovaden.
1230 749 1280 775 VI.
1303 765 1339 768 —
1368 749 1400 782 2,
1428 750 1445 778 4
1468 752 1551 778 Iesus

218 770 326 799 florens
359 774 519 810 virginum.
541 790 578 795 --
599 776 632 811 4,
661 776 678 804 2
699 779 739 805 Et
761 780 895 807 invidens
917 788 1088 811 murmurat.
1111 799 1147 803 —
1170 784 1201 818 7,
1230 785 1247 813 3
1269 797 1310 823 sq.
1328 788 1358 823 je
1381 791 1446 816 eine
1470 791 1552 817 silbe

220 818 256 837 zu
276 811 345 838 viel.
370 826 406 830 —
429 813 512 840 Nach
535 814 591 842 Str.
612 814 631 842 4
653 817 826 853 Divisi03
847 820 1001 848 vielleicht
1022 824 1231 859 ursprtinglich
1254 828 1323 853 zwei
1348 828 1493 862 Hymnen.

610 1005 680 1036 394.
724 1008 766 1038 lie
789 1017 810 1038 s.
835 1009 936 1040 Maria
958 1011 1155 1051 Magdalena.

667 1077 727 1103 Aa.
750 1078 856 1114 Vesp.
879 1082 915 1106 et
937 1081 1096 1108 Lanam.

218 1169 248 1201 1.
272 1169 425 1210 Magnum
453 1172 566 1204 salutis
593 1175 744 1213 gaudium
913 1180 943 1212 5.
973 1179 1057 1210 Hinc
1084 1181 1273 1220 pharisaeus
1302 1191 1488 1227 murmurat,

274 1217 430 1250 Laetetur
455 1229 548 1252 omne
573 1223 746 1265 saeculum,
971 1228 1030 1267 Qui
1056 1231 1269 1268 peccatricem
1296 1239 1439 1273 noverat,

274 1266 364 1298 Iesus
392 1267 579 1309 redemptor
604 1272 755 1310 gentium,
971 1276 1100 1308 Christo
1128 1284 1233 1309 mente
1261 1280 1460 1324 detraxerat,

274 1313 407 1347 Sanavit
434 1317 543 1348 orbem
572 1319 770 1359 languidum.
971 1324 1066 1355 Cuius
1093 1335 1188 1365 posse
1215 1337 1276 1359 non
1305 1329 1440 1363 viderat.

213 1421 244 1453 2.
273 1419 336 1452 Sex
363 1426 438 1453 ante
466 1424 608 1455 Paschae
636 1424 734 1457 ferias
911 1432 941 1463 ti.
970 1430 1026 1461 Cui
1055 1433 1255 1471 respondens
1283 1435 1438 1467 Dominus

271 1469 416 1501 Advenit
442 1471 473 1502 in
501 1472 701 1514 Bethaniam‚
970 1478 1114 1511 Convicit
1143 1490 1212 1512 cum
1242 1485 1416 1515 comminus

272 1517 336 1550 Ubi
364 1518 417 1558 pie
444 1524 517 1559 post
543 1522 685 1553 triduum
967 1527 1017 1557 Ex
1042 1528 1194 1570 obligatis
1223 1531 1332 1562 debita

271 1565 489 1598 Resuscitavit
517 1569 686 1602 Lazarum.
969 1575 1099 1607 Duobus
1126 1579 1167 1609 ad
1196 1579 1344 1620 imparia.

211 1671 242 1703 3.
271 1671 375 1704 Nardi
403 1673 509 1705 Maria
536 1675 644 1715 pistici
910 1682 939 1713 7.
969 1681 1034 1713 Nos
1063 1691 1137 1723 ergo
1165 1685 1326 1717 Christum
1355 1688 1493 1719 iudicem

271 1719 414 1762 Sumpsit
441 1722 557 1755 libram
585 1734 656 1756 mox
683 1727 807 1766 optimi.
966 1731 1130 1771 Amemus,
1159 1742 1266 1765 verum
1295 1735 1444 1774 indicem,

268 1768 370 1801 Unxit
396 1770 507 1803 beatos
532 1772 663 1805 Domini
967 1779 1105 1811 Nostrae
1131 1782 1245 1814 salutis
1272 1783 1398 1816 obviarn

270 1818 373 1850 Pedes
400 1819 536 1860 rigando
561 1822 712 1855 lacrimis.
965 1828 1122 1860 Ferentes
1149 1831 1392 1870 paenitentiam.

206 1926 238 1957 4.
267 1923 411 1957 Fervens
438 1936 548 1958 amore
574 1928 682 1961 valido
903 1933 935 1965 8.
963 1934 1052 1965 Haec
1079 1936 1162 1966 enim
1191 1938 1281 1968 unxit
1309 1938 1479 1972 Dominum

264 1972 378 2005 Fletus
405 1974 559 2014 profluxit
585 1978 688 2016 oculo,
963 1983 1180 2015 Exalabastro
1209 1986 1363 2028 cordium,

265 2021 322 2054 Cui
351 2023 447 2055 datur
471 2034 491 2056 a
518 2025 654 2058 Domino
962 2031 1045 2062 Dum
1072 2032 1225 2073 profluxit
1248 2037 1410 2075 contritio,

266 2071 473 2104 Peccatorum
500 2075 662 2108 nemissio.
959 2080 1133 2120 Tergitque
1163 2082 1357 2116 satiofactio.

601 2186 630 2215 9.
660 2183 782 2226 Honor,
813 2185 920 2223 decus,
948 2187 1118 2228 imperium

659 2231 709 2264 Sit
735 2233 873 2266 trinitati
900 2235 1023 2273 unicae,

659 2281 760 2323 Patri,
786 2286 872 2325 nato,
900 2285 1058 2324 paraclito

658 2330 719 2361 Per
746 2330 872 2363 infinita
898 2333 1035 2364 saecula.

277 2429 388 2465 Hymn.
418 2439 471 2458 ms.
495 2431 523 2459 S.
546 2432 680 2462 Coronae
709 2443 785 2463 saec.
818 2434 861 2464 14.
891 2437 931 2464 in.
954 2438 1023 2466 Cod.
1046 2440 1170 2475 Prageu
1204 2442 1213 2468 1
1237 2442 1262 2469 G
1293 2440 1337 2469 17.
1369 2443 1433 2471 add.
1460 2454 1536 2473 saec.

199 2465 245 2495 14.
267 2483 304 2486 —
328 2467 354 2502 7,
377 2467 395 2496 2
417 2470 554 2498 iudicem.
576 2487 614 2492 —
635 2473 718 2501 Nach
740 2475 798 2502 Str.
820 2473 846 2503 3.
870 2477 1034 2506 Divisio.
