1653 2656
698 111 934 146 -51-

607 282 653 313 78.
695 282 737 313 De
759 282 858 313 Beata
879 281 979 312 Maria
1000 282 1036 312 V.

512 383 725 423 Tempore
751 383 1138 423 Quadragesimali.

687 468 739 495 Ad
769 468 963 504 Vesperas.

162 575 194 608 1.
223 574 372 606 Gloriosa
404 578 508 606 mater
533 575 604 615 Dei,
857 577 889 608 4.
917 575 1079 608 Summum
1111 575 1192 607 caeli
1220 575 1317 606 decus
1344 577 1431 605 tuum

277 622 380 654 honor
402 624 503 655 nostri
531 623 667 664 generis,
968 633 1037 655 esse
1063 629 1171 655 natum
1198 623 1354 661 novimus,

229 670 336 702 Decus
362 671 462 711 orbis,
490 681 564 711 spes
590 672 726 711 piorum,
917 672 996 703 Eius
1023 681 1098 712 ergo
1124 672 1285 703 maiestati

276 724 482 760 peccatorum
510 720 614 758 venia,
965 724 1093 752 nostros
1119 720 1197 751 offer
1223 720 1360 760 gemitus

225 767 365 799 Nostrae
391 768 496 799 laudis
523 777 611 799 sume
637 772 721 808 vota,
917 770 1024 808 Atque
1051 769 1124 808 piae
1151 768 1264 799 visioni

276 816 348 848 dele
374 819 484 847 nostra
511 816 655 848 crimina.
964 826 1021 848 nos
1048 821 1219 855 praesenta
1246 816 1390 848 caelitus.

165 924 197 955 2.
227 921 325 954 Clara
351 921 431 952 caeli
457 925 548 953 tenes
573 925 702 961 sceptra
858 924 891 954 5.
920 921 1015 953 Clara
1042 922 1142 961 virgo,
1171 931 1250 961 quae
1278 921 1396 961 fugasti

273 979 375 1011 prope
404 974 511 1000 natum
538 971 652 1011 posita,
965 970 1076 1000 matris
1102 969 1191 1001 Evae
1218 970 1378 1008 tenebras,

228 1018 333 1057 Super
358 1017 472 1048 choros
498 1018 684 1057 angelorum
916 1018 973 1050 Pia
999 1023 1111 1056 mater,
1139 1027 1233 1057 quam
1262 1020 1398 1049 honorat

274 1065 394 1097 habens
421 1066 601 1107 privilegia,
966 1066 1025 1096 Dei
1051 1066 1153 1105 patris
1181 1066 1294 1107 pietas,

225 1114 319 1147 Unde
346 1122 468 1144 memor
491 1118 559 1145 esto
586 1114 700 1152 nostri,
916 1114 969 1145 Ad
997 1114 1170 1145 videndum
1198 1119 1285 1145 tuum
1314 1118 1422 1145 natum

272 1161 362 1202 virgo
389 1161 628 1201 benignissima.
964 1162 1055 1193 nobis
1084 1163 1166 1193 viam
1194 1172 1365 1204 praepara.

162 1269 194 1300 3.
221 1267 306 1299 Hinc
332 1271 452 1305 averte,
480 1268 564 1307 quod
591 1268 749 1306 timemus,
856 1269 888 1301 6.
917 1268 987 1300 Sint
1014 1269 1139 1300 tonanti
1166 1269 1278 1300 laudes
1305 1269 1402 1308 patri,

270 1316 357 1356 quod
383 1320 542 1357 optamuS,
569 1316 698 1355 perfice,
963 1321 1039 1348 nato
1065 1322 1098 1349 et
1123 1317 1293 1356 paraclito,

223 1364 308 1396 Hinc
340 1367 371 1395 te
402 1365 538 1395 mundus
565 1365 793 1404 protectricem
915 1364 964 1396 Sit
988 1366 1139 1405 perennis
1167 1366 1267 1397 honor
1291 1366 1397 1405 matri,

268 1412 387 1443 sentiat
411 1412 552 1448 assidue.
964 1414 1060 1444 decus
1088 1418 1182 1453 atque
1208 1414 1320 1456 gloria,

221 1461 278 1493 Pia
305 1465 417 1499 mater,
444 1461 649 1492 sublevemur
915 1461 963 1493 De
990 1471 1052 1501 qua
1078 1462 1170 1494 nobis
1197 1462 1344 1494 Christus
1370 1465 1464 1493 natus

268 1508 347 1540 illuc
372 1513 427 1540 tuo
459 1518 598 1542 munere,
963 1510 1060 1541 vitam
1088 1510 1177 1542 dedit
1205 1511 1344 1544 saeculo.

237 1615 324 1641 Brev.
350 1614 553 1642 Ecclesiarum
582 1615 780 1642 Claromontis
809 1619 897 1651 atque
927 1615 955 1642 S.
982 1616 1062 1643 Flori
1091 1617 1161 1652 imp.
1189 1616 1289 1643 Tierni
1317 1614 1427 1652 [1556].
1453 1631 1490 1635 -

165 1651 190 1686 l,
210 1651 228 1680 2
250 1653 309 1680 und
330 1652 357 1686 6,
377 1652 396 1680 4
417 1654 492 1680 fehlt
512 1653 798 1681 auffallenderweise
819 1654 870 1681 der
891 1655 984 1681 Reim.

581 1855 626 1886 79.
670 1854 704 1886 ln
728 1854 949 1896 compassione
971 1855 1060 1886 BMV.

683 1936 733 1963 Ad
760 1937 957 1972 Vesperas.

159 2035 190 2067 1.
218 2032 347 2066 Montes
371 2034 460 2066 iuvet
486 2034 629 2066 fidelium
855 2036 887 2068 3.
915 2036 1052 2067 Tantum
1081 2036 1141 2067 sibi
1171 2036 1377 2076 compatitur,

215 2082 354 2115 Dolores
381 2087 413 2115 et
439 2085 610 2125 suspirium
914 2085 1005 2123 Quod
1034 2083 1101 2116 fere
1128 2093 1235 2115 secum
1260 2085 1408 2125 moritur,

216 2131 334 2163 Matris
364 2132 484 2166 Christi
511 2133 679 2164 revolvere
915 2133 1030 2164 Nullus
1059 2133 1151 2164 dolor
1177 2134 1328 2173 amarior,

217 2179 293 2212 Cum
320 2181 497 2221 gratiarum
530 2190 672 2214 munere.
914 2181 995 2212 Nam
1023 2181 1112 2212 nulla
1138 2181 1246 2221 proles
1275 2182 1390 2213 carior.

157 2288 189 2321 2.
218 2287 335 2320 Castae
362 2288 506 2327 parentis
535 2288 659 2319 viscera
854 2289 887 2320 4.
914 2288 940 2319 O
968 2297 1063 2327 quam
1087 2287 1258 2327 praedigni
1285 2288 1381 2320 rivuli

218 2336 326 2368 Poena
351 2340 542 2376 torquentur
567 2345 695 2376 aspera,
915 2337 953 2368 In
981 2345 1075 2367 cruce
1103 2336 1227 2368 Christi
1254 2338 1417 2376 sanguinis

214 2384 298 2417 Dum
327 2389 427 2416 staret
455 2384 514 2416 sub
541 2385 702 2426 supplicio
913 2384 967 2422 Et,
995 2394 1072 2424 quos
1101 2382 1253 2416 fuderunt
1281 2387 1366 2417 oculi

216 2433 388 2474 Languens
415 2442 475 2473 pro
503 2433 589 2465 dulci
615 2432 694 2466 filio.
912 2432 978 2464 Sub
1006 2442 1101 2464 cruce
1128 2433 1240 2465 matris
1267 2434 1412 2475 virginis.

1272 2490 1313 2518 4*
