1653 2656
651 118 890 153 -31-

99 212 132 245 5.
161 211 307 253 Cumque
331 213 395 246 iter
421 218 600 257 perageret,
797 216 828 249 7.
855 215 907 247 Ex
933 225 995 256 qua
1023 216 1165 247 manavit
1189 216 1323 248 coelitus

159 260 291 293 Ardore
317 261 388 294 sitis
413 263 524 302 lapsus
551 266 616 302 est3
854 263 952 296 Unda
977 272 1080 303 aquae
1107 264 1310 303 purissimae,

159 307 316 342 Levando
341 319 467 342 sursum
493 311 602 342 oculos
854 311 922 350 Qua
953 315 1083 343 sanctus
1110 316 1185 343 tunc
1210 311 1350 345 refectus
1377 316 1428 345 est

161 356 279 389 Preces
306 357 419 390 effudit
443 358 593 391 Domino.
854 359 899 392 Et
922 364 1090 400 permanet
1116 364 1147 391 et
1174 361 1343 401 perpetim.

97 453 129 486 6.
157 454 257 494 Quem
283 454 447 486 exaudivit
474 454 642 494 Dominus,
792 457 824 488 8.
851 455 963 488 Gloria
988 457 1029 488 sit
1057 457 1213 489 altissimo

157 502 207 534 Ac
232 502 288 533 ille
313 501 392 534 fisus
415 502 545 534 numine
854 504 941 536 Patri
969 514 1038 536 cum
1065 515 1121 536 suo
1148 505 1214 536 tilio

157 549 237 582 Cum
263 559 321 582 sua
346 551 438 591 virga
463 551 600 591 parvula
851 552 895 584 Et
920 557 1093 593 sanctoque
1119 554 1247 593 spiritui

158 599 325 631 Percussit
348 601 468 631 terram
496 599 632 633 aridam.
852 601 914 633 Per
940 601 1066 633 infinita
1092 602 1229 633 saecula,

172 693 228 722 Off.
250 703 302 722 ms.
326 693 356 721 S.
378 694 523 721 Antonini
546 703 622 721 saec.
647 693 690 722 17.
712 695 781 723 Cod.
804 695 941 722 Vatican.
963 693 1048 723 8575.

474 827 529 858 131.
572 827 613 858 De
636 836 659 857 s.
681 827 836 859 Antonino
858 827 1046 868 Apamiensi.

642 898 693 925 Ad
721 898 876 926 Laudes

98 988 129 1019 1.
159 986 314 1018 Laetetur
341 987 442 1018 Vallis
469 986 597 1018 Nobilis
792 988 824 1019 4.
853 988 914 1019 Por
938 987 1027 1018 illum
1055 987 1158 1018 vicum
1186 987 1352 1027 principis,

157 1035 286 1067 Pariter
312 1044 383 1066 cuni
410 1034 573 1073 affinibus,
849 1036 908 1074 Qui
936 1035 1051 1066 Festus
1077 1039 1277 1074 nuncupatus
1305 1040 1363 1075 est,

155 1083 193 1114 In
220 1093 283 1123 qua
309 1083 433 1114 athleta
459 1083 596 1123 denique
851 1084 918 1114 Ara
946 1083 1030 1113 beati
1058 1083 1212 1122 Stephani

152 1130 297 1171 Flagitat
325 1131 532 1163 domicilium.
851 1131 999 1162 Habebat
1028 1132 1102 1162 illuc
1131 1131 1313 1163 transitum.

92 1228 124 1260 2.
155 1228 217 1259 Per
242 1226 403 1260 flammam
425 1228 529 1259 sancti
547 1226 728 1267 pneumatis
791 1231 822 1260 5.
851 1227 958 1258 Bobus
984 1227 1318 1266 appropinquantibus

152 1276 189 1308 In
218 1285 296 1307 nece
322 1286 379 1308 sua
405 1285 499 1308 rosea
852 1276 913 1307 Per
939 1275 1095 1307 Antonini
1123 1275 1237 1306 merita

153 1324 231 1357 Cum
261 1328 358 1365 eaput
384 1330 478 1364 parte
506 1325 651 1365 corporis
850 1324 1007 1355 Fixerunt
1036 1333 1093 1354 sna
1119 1332 1226 1361 onera,

152 1373 309 1414 Angelice
338 1373 479 1405 delatum
507 1378 566 1406 est.
851 1373 899 1404 Ac
926 1371 952 1404 si
980 1376 1085 1403 essent
1115 1372 1304 1404 immobiles.

90 1471 120 1503 3.
151 1469 243 1501 Tunc
268 1469 379 1501 alveus
405 1468 541 1500 mirifice
790 1470 820 1500 6.
851 1468 960 1499 Palam
987 1468 1054 1499 viso
1081 1468 1234 1498 miraculo

153 1518 253 1549 Retro
278 1527 405 1549 cursum
433 1518 604 1557 arripiens,
848 1516 965 1548 Omnes
993 1516 1096 1547 teneri
1124 1516 1254 1554 exstasi,

153 1566 300 1597 Ducente
326 1566 387 1598 Dei
414 1566 518 1606 gratia
846 1565 1005 1596 Altermti
1033 1568 1107 1595 sunt
1133 1564 1249 1603 singuli

151 1615 392 1654 Applicuerunt
420 1615 555 1655 patriae.
847 1613 889 1645 Et
918 1613 1087 1644 humarum
1113 1613 1275 1652 reliquias,

500 1713 530 1744 ἶ.
559 1711 671 1743 Gloria
697 1710 738 1742 sit
765 1710 921 1742 altissimo

561 1760 650 1792 Patri
678 1769 747 1791 curn
775 1768 831 1790 suo
858 1759 923 1790 tilio

559 1808 600 1840 Et
628 1813 802 1848 sanctoque
830 1807 958 1846 spiritui

560 1857 621 1888 Per
647 1856 773 1888 infinita
798 1856 936 1888 saecula.

163 1953 245 1981 offic.
278 1963 330 1980 ms,
363 1954 392 1981 S.
423 1954 568 1980 Antonini
600 1962 676 1979 saec.
712 1951 755 1979 17.
791 1951 861 1978 Cod.
889 1948 1026 1977 Vntivan.
1061 1948 1145 1976 8575.
1175 1963 1210 1967 -
1238 1948 1271 1982 5,
1303 1946 1321 1975 3
1353 1957 1421 1975 snas

85 2002 200 2020 ancras.
213 2008 248 2011 -
262 1991 290 2026 6,
306 1992 323 2020 2
334 1993 374 2020 Et
389 1994 482 2020 teneri
499 1993 603 2019 extasi.
617 2008 652 2011 —
665 1992 731 2027 Vgl.
743 1991 789 2018 die
803 1992 941 2025 Hymneu
953 1990 1039 2016 Anal.
1053 1989 1133 2019 XVI,
1149 1989 1199 2016 ΝΥ.
1215 1986 1373 2015 104-106.
1388 2003 1422 2006 -

85 2033 147 2059 Das
170 2041 205 2059 zu
227 2032 330 2059 diesen
345 2032 484 2067 Hyinnen
505 2031 644 2068 gehen-ige
660 2031 797 2058 Officium
820 2029 858 2056 ist
881 2029 927 2055 bis
943 2029 995 2055 auf
1007 2030 1103 2063 einige
1119 2027 1320 2063 rhytlnnische
1338 2028 1421 2054 Anti-

85 2071 203 2106 phonen
224 2070 394 2106 prosaisch;
415 2071 461 2098 die
478 2071 617 2106 Hymnen
637 2072 724 2104 [trotz
746 2070 797 2096 der
816 2068 931 2104 jungen
946 2068 1062 2101 Quelle)
1082 2066 1344 2102 augensclieinlieh
1369 2066 1420 2092 alt.

422 2213 481 2244 132.
526 2214 565 2244 De
587 2213 614 2244 b.
637 2212 770 2244 Antonio
794 2212 831 2242 de
854 2212 955 2242 Monte
978 2210 1083 2242 Giano.

307 2295 338 2328 1.
367 2295 462 2327 Alme
488 2295 663 2336 confessor,
691 2295 866 2335 supplices,
895 2294 1027 2331 Antoni,

368 2343 496 2376 Laudes
523 2350 553 2376 et
580 2354 693 2385 preces
719 2343 856 2375 humiles
883 2346 1045 2383 canentes,

367 2392 468 2424 Tuum
496 2398 573 2425 ante
599 2402 716 2433 corpus
744 2392 879 2424 humiles
905 2395 1058 2432 astantes,

509 2442 639 2474 Adiuva
665 2442 749 2475 illos.

140 2501 284 2527 Dresves„
303 2500 408 2529 Hymni
426 2499 540 2524 inediti.
571 2501 633 2524 VII.
1226 2492 1243 2520 6
