<?xml version="1.0" encoding="UTF-8"?>
<!DOCTYPE html PUBLIC "-//W3C//DTD XHTML 1.0 Transitional//EN"
    "http://www.w3.org/TR/xhtml1/DTD/xhtml1-transitional.dtd">
<html xmlns="http://www.w3.org/1999/xhtml" xml:lang="en" lang="en">
 <head>
  <title>
</title>
<meta http-equiv="Content-Type" content="text/html;charset=utf-8" />
  <meta name='ocr-system' content='tesseract 3.04.00' />
  <meta name='ocr-capabilities' content='ocr_page ocr_carea ocr_par ocr_line ocrx_word'/>
</head>
<body>
  <div class='ocr_page' id='page_1' title='image "./analectahymnica43drevuoft/analectahymnica43drevuoft_0105.png"; bbox 0 0 1653 2656; ppageno 0'>
   <div class='ocr_carea' id='block_1_1' title="bbox 759 131 1024 167">
    <p class='ocr_par' dir='ltr' id='par_1_1' title="bbox 759 131 1024 167">
     <span class='ocr_line' id='line_1_1' title="bbox 759 131 1024 167; baseline 0 0"><span class='ocrx_word' id='word_1_1' title='bbox 759 131 1024 167; x_wconf 85' lang='lat'>-102—</span> 
     </span>
    </p>
   </div>
   <div class='ocr_carea' id='block_1_2' title="bbox 229 227 1552 910">
    <p class='ocr_par' dir='ltr' id='par_1_2' title="bbox 233 227 1511 416">
     <span class='ocr_line' id='line_1_2' title="bbox 233 227 1431 267; baseline -0.008 0"><span class='ocrx_word' id='word_1_2' title='bbox 233 235 264 267; x_wconf 92' lang='grc'>7.</span> <span class='ocrx_word' id='word_1_3' title='bbox 291 233 350 266; x_wconf 84' lang='lat' dir='ltr'>Ille</span> <span class='ocrx_word' id='word_1_4' title='bbox 375 233 461 264; x_wconf 89' lang='lat' dir='ltr'>mitis</span> <span class='ocrx_word' id='word_1_5' title='bbox 487 236 520 264; x_wconf 88' lang='lat' dir='ltr'>et</span> <span class='ocrx_word' id='word_1_6' title='bbox 544 232 696 264; x_wconf 86' lang='lat' dir='ltr'>innocens</span> <span class='ocrx_word' id='word_1_7' title='bbox 917 230 974 264; x_wconf 90' lang='grc'>10.</span> <span class='ocrx_word' id='word_1_8' title='bbox 1000 227 1142 261; x_wconf 83' lang='lat' dir='ltr'>Adiutae</span> <span class='ocrx_word' id='word_1_9' title='bbox 1167 230 1257 259; x_wconf 86' lang='lat' dir='ltr'>tanto</span> <span class='ocrx_word' id='word_1_10' title='bbox 1281 231 1431 267; x_wconf 79' lang='lat' dir='ltr'><strong>martyre</strong></span> 
     </span>
     <span class='ocr_line' id='line_1_3' title="bbox 289 275 1436 320; baseline -0.006 -8"><span class='ocrx_word' id='word_1_11' title='bbox 289 281 366 312; x_wconf 88' lang='lat' dir='ltr'>Tam</span> <span class='ocrx_word' id='word_1_12' title='bbox 395 289 508 320; x_wconf 83' lang='lat' dir='ltr'>graves</span> <span class='ocrx_word' id='word_1_13' title='bbox 531 280 613 311; x_wconf 86' lang='lat' dir='ltr'>ictus</span> <span class='ocrx_word' id='word_1_14' title='bbox 639 278 794 310; x_wconf 84' lang='lat' dir='ltr'>sufferens</span> <span class='ocrx_word' id='word_1_15' title='bbox 1000 276 1108 309; x_wconf 89' lang='lat' dir='ltr'>Patris</span> <span class='ocrx_word' id='word_1_16' title='bbox 1133 275 1236 308; x_wconf 85' lang='lat' dir='ltr'>sancti</span> <span class='ocrx_word' id='word_1_17' title='bbox 1261 275 1436 307; x_wconf 83' lang='lat' dir='ltr'>munimine</span> 
     </span>
     <span class='ocr_line' id='line_1_4' title="bbox 290 323 1431 362; baseline -0.006 -2"><span class='ocrx_word' id='word_1_18' title='bbox 290 329 368 360; x_wconf 86' lang='lat' dir='ltr'><strong>Post</strong></span> <span class='ocrx_word' id='word_1_19' title='bbox 393 329 530 360; x_wconf 84' lang='lat' dir='ltr'>carceris</span> <span class='ocrx_word' id='word_1_20' title='bbox 557 327 698 359; x_wconf 87' lang='lat' dir='ltr'>ludibria</span> <span class='ocrx_word' id='word_1_21' title='bbox 1003 325 1057 357; x_wconf 88' lang='lat' dir='ltr'>Sic</span> <span class='ocrx_word' id='word_1_22' title='bbox 1082 327 1200 355; x_wconf 85' lang='lat' dir='ltr'>exeunt</span> <span class='ocrx_word' id='word_1_23' title='bbox 1225 323 1266 355; x_wconf 83' lang='lat' dir='ltr'>de</span> <span class='ocrx_word' id='word_1_24' title='bbox 1291 331 1431 362; x_wconf 83' lang='lat' dir='ltr'>carcere,</span> 
     </span>
     <span class='ocr_line' id='line_1_5' title="bbox 289 371 1511 416; baseline -0.002 -8"><span class='ocrx_word' id='word_1_25' title='bbox 289 377 424 408; x_wconf 87' lang='lat' dir='ltr'>Ducitur</span> <span class='ocrx_word' id='word_1_26' title='bbox 449 376 490 408; x_wconf 84' lang='lat' dir='ltr'>ad</span> <span class='ocrx_word' id='word_1_27' title='bbox 517 375 672 416; x_wconf 86' lang='lat' dir='ltr'>patibula.</span> <span class='ocrx_word' id='word_1_28' title='bbox 1004 373 1048 405; x_wconf 90' lang='lat' dir='ltr'>Ut</span> <span class='ocrx_word' id='word_1_29' title='bbox 1074 372 1128 403; x_wconf 85' lang='lat' dir='ltr'>nix</span> <span class='ocrx_word' id='word_1_30' title='bbox 1156 371 1196 403; x_wconf 87' lang='lat' dir='ltr'>de</span> <span class='ocrx_word' id='word_1_31' title='bbox 1221 371 1310 403; x_wconf 84' lang='lat' dir='ltr'>caelo</span> <span class='ocrx_word' id='word_1_32' title='bbox 1336 371 1511 405; x_wconf 79' lang='lat' dir='ltr'>candidae.</span> 
     </span>
    </p>

    <p class='ocr_par' dir='ltr' id='par_1_3' title="bbox 232 474 1433 662">
     <span class='ocr_line' id='line_1_6' title="bbox 232 474 1430 521; baseline -0.006 -8"><span class='ocrx_word' id='word_1_33' title='bbox 232 481 263 513; x_wconf 88' lang='lat'>8.</span> <span class='ocrx_word' id='word_1_34' title='bbox 292 482 328 513; x_wconf 91' lang='lat' dir='ltr'>In</span> <span class='ocrx_word' id='word_1_35' title='bbox 355 481 439 521; x_wconf 84' lang='lat' dir='ltr'>ligno</span> <span class='ocrx_word' id='word_1_36' title='bbox 466 479 609 519; x_wconf 83' lang='lat' dir='ltr'>pendens</span> <span class='ocrx_word' id='word_1_37' title='bbox 635 478 776 520; x_wconf 84' lang='lat' dir='ltr'>graviter</span> <span class='ocrx_word' id='word_1_38' title='bbox 920 477 974 510; x_wconf 93' lang='lat'>11.</span> <span class='ocrx_word' id='word_1_39' title='bbox 1002 477 1130 509; x_wconf 83' lang='lat' dir='ltr'>Blasius</span> <span class='ocrx_word' id='word_1_40' title='bbox 1156 485 1228 508; x_wconf 87' lang='lat' dir='ltr'>cum</span> <span class='ocrx_word' id='word_1_41' title='bbox 1253 474 1430 516; x_wconf 84' lang='lat' dir='ltr'>opprobrio</span> 
     </span>
     <span class='ocr_line' id='line_1_7' title="bbox 289 523 1393 565; baseline -0.005 -5"><span class='ocrx_word' id='word_1_42' title='bbox 289 529 331 560; x_wconf 81' lang='lat' dir='ltr'>Et</span> <span class='ocrx_word' id='word_1_43' title='bbox 357 528 496 560; x_wconf 87' lang='lat' dir='ltr'>laniatur</span> <span class='ocrx_word' id='word_1_44' title='bbox 522 528 651 565; x_wconf 83' lang='lat' dir='ltr'>acriter,</span> <span class='ocrx_word' id='word_1_45' title='bbox 1002 525 1089 556; x_wconf 85' lang='lat' dir='ltr'>Lacu</span> <span class='ocrx_word' id='word_1_46' title='bbox 1114 524 1252 556; x_wconf 86' lang='lat' dir='ltr'>iactatur</span> <span class='ocrx_word' id='word_1_47' title='bbox 1277 523 1393 561; x_wconf 86' lang='lat' dir='ltr'>medio,</span> 
     </span>
     <span class='ocr_line' id='line_1_8' title="bbox 290 571 1433 612; baseline -0.004 -5"><span class='ocrx_word' id='word_1_48' title='bbox 290 576 410 607; x_wconf 80' lang='lat' dir='ltr'>Dextra</span> <span class='ocrx_word' id='word_1_49' title='bbox 436 575 576 606; x_wconf 90' lang='lat' dir='ltr'>munitus</span> <span class='ocrx_word' id='word_1_50' title='bbox 604 574 744 612; x_wconf 89' lang='lat' dir='ltr'>Domini,</span> <span class='ocrx_word' id='word_1_51' title='bbox 1000 572 1144 612; x_wconf 87' lang='lat' dir='ltr'>Signavit</span> <span class='ocrx_word' id='word_1_52' title='bbox 1169 572 1272 603; x_wconf 86' lang='lat' dir='ltr'>lacum</span> <span class='ocrx_word' id='word_1_53' title='bbox 1298 571 1433 610; x_wconf 81' lang='lat' dir='ltr'>athleta,</span> 
     </span>
     <span class='ocr_line' id='line_1_9' title="bbox 290 620 1391 662; baseline -0.005 -7"><span class='ocrx_word' id='word_1_54' title='bbox 290 624 411 656; x_wconf 87' lang='lat' dir='ltr'>Poenas</span> <span class='ocrx_word' id='word_1_55' title='bbox 438 623 513 654; x_wconf 89' lang='lat' dir='ltr'>vicit</span> <span class='ocrx_word' id='word_1_56' title='bbox 540 622 695 662; x_wconf 80' lang='lat' dir='ltr'>martyrii.</span> <span class='ocrx_word' id='word_1_57' title='bbox 1003 620 1099 652; x_wconf 81' lang='lat' dir='ltr'>Stetit</span> <span class='ocrx_word' id='word_1_58' title='bbox 1121 624 1157 652; x_wconf 89' lang='lat' dir='ltr'>ut</span> <span class='ocrx_word' id='word_1_59' title='bbox 1182 629 1265 660; x_wconf 85' lang='lat' dir='ltr'>aqua</span> <span class='ocrx_word' id='word_1_60' title='bbox 1288 620 1391 651; x_wconf 90' lang='lat' dir='ltr'>arida.</span> 
     </span>
    </p>

    <p class='ocr_par' dir='ltr' id='par_1_4' title="bbox 229 725 1552 910">
     <span class='ocr_line' id='line_1_10' title="bbox 229 725 1379 767; baseline -0.004 -7"><span class='ocrx_word' id='word_1_61' title='bbox 229 729 262 760; x_wconf 84' lang='lat'>9.</span> <span class='ocrx_word' id='word_1_62' title='bbox 289 727 416 767; x_wconf 83' lang='lat' dir='ltr'>Septem</span> <span class='ocrx_word' id='word_1_63' title='bbox 444 727 556 759; x_wconf 88' lang='lat' dir='ltr'>beatae</span> <span class='ocrx_word' id='word_1_64' title='bbox 583 725 729 763; x_wconf 79' lang='lat' dir='ltr'>feminae,</span> <span class='ocrx_word' id='word_1_65' title='bbox 918 727 971 759; x_wconf 87' lang='lat'>12.</span> <span class='ocrx_word' id='word_1_66' title='bbox 1000 726 1085 758; x_wconf 89' lang='lat' dir='ltr'>Mira</span> <span class='ocrx_word' id='word_1_67' title='bbox 1111 734 1170 765; x_wconf 90' lang='lat' dir='ltr'>pro</span> <span class='ocrx_word' id='word_1_68' title='bbox 1197 734 1253 756; x_wconf 90' lang='lat' dir='ltr'>suo</span> <span class='ocrx_word' id='word_1_69' title='bbox 1277 725 1379 756; x_wconf 88' lang='lat' dir='ltr'>milite</span> 
     </span>
     <span class='ocr_line' id='line_1_11' title="bbox 288 772 1346 815; baseline -0.004 -8"><span class='ocrx_word' id='word_1_70' title='bbox 288 775 395 807; x_wconf 85' lang='lat' dir='ltr'>Sancti</span> <span class='ocrx_word' id='word_1_71' title='bbox 421 779 595 815; x_wconf 81' lang='lat' dir='ltr'>perunctae</span> <span class='ocrx_word' id='word_1_72' title='bbox 622 774 783 814; x_wconf 86' lang='lat' dir='ltr'>sanguine,</span> <span class='ocrx_word' id='word_1_73' title='bbox 999 773 1086 806; x_wconf 86' lang='lat' dir='ltr'>Dens</span> <span class='ocrx_word' id='word_1_74' title='bbox 1113 772 1189 804; x_wconf 85' lang='lat' dir='ltr'>facit</span> <span class='ocrx_word' id='word_1_75' title='bbox 1217 773 1346 812; x_wconf 78' lang='lat' dir='ltr'>cotidie,</span> 
     </span>
     <span class='ocr_line' id='line_1_12' title="bbox 289 819 1552 863; baseline -0.002 -9"><span class='ocrx_word' id='word_1_76' title='bbox 289 823 471 855; x_wconf 87' lang='lat' dir='ltr'>Conductae</span> <span class='ocrx_word' id='word_1_77' title='bbox 496 822 536 854; x_wconf 88' lang='lat' dir='ltr'>ad</span> <span class='ocrx_word' id='word_1_78' title='bbox 564 822 762 862; x_wconf 68' lang='lat' dir='ltr'>martyrium,</span> <span class='ocrx_word' id='word_1_79' title='bbox 1001 821 1132 860; x_wconf 83' lang='lat' dir='ltr'>Gentes,</span> <span class='ocrx_word' id='word_1_80' title='bbox 1159 829 1240 861; x_wconf 85' lang='lat' dir='ltr'>quae</span> <span class='ocrx_word' id='word_1_81' title='bbox 1258 820 1348 852; x_wconf 87' lang='lat' dir='ltr'>illurn</span> <span class='ocrx_word' id='word_1_82' title='bbox 1368 819 1552 863; x_wconf 81' lang='lat' dir='ltr'>celebrant,</span> 
     </span>
     <span class='ocr_line' id='line_1_13' title="bbox 288 869 1427 910; baseline -0.003 -7"><span class='ocrx_word' id='word_1_83' title='bbox 288 870 396 903; x_wconf 88' lang='lat' dir='ltr'>Sancti</span> <span class='ocrx_word' id='word_1_84' title='bbox 421 875 531 910; x_wconf 87' lang='lat' dir='ltr'>petunt</span> <span class='ocrx_word' id='word_1_85' title='bbox 559 869 726 910; x_wconf 82' lang='lat' dir='ltr'>refugium.</span> <span class='ocrx_word' id='word_1_86' title='bbox 1000 869 1051 901; x_wconf 89' lang='lat' dir='ltr'>Ab</span> <span class='ocrx_word' id='word_1_87' title='bbox 1078 869 1163 907; x_wconf 83' lang='lat' dir='ltr'>omni</span> <span class='ocrx_word' id='word_1_88' title='bbox 1189 869 1273 900; x_wconf 84' lang='lat' dir='ltr'>malo</span> <span class='ocrx_word' id='word_1_89' title='bbox 1300 869 1427 900; x_wconf 87' lang='lat' dir='ltr'>liberat.</span> 
     </span>
    </p>
   </div>
   <div class='ocr_carea' id='block_1_3' title="bbox 644 974 1108 1016">
    <p class='ocr_par' dir='ltr' id='par_1_5' title="bbox 644 974 1108 1016">
     <span class='ocr_line' id='line_1_14' title="bbox 644 974 1108 1016; baseline -0.002 -10"><span class='ocrx_word' id='word_1_90' title='bbox 644 976 697 1007; x_wconf 83' lang='lat'><strong>13.</strong></span> <span class='ocrx_word' id='word_1_91' title='bbox 725 974 836 1006; x_wconf 82' lang='lat' dir='ltr'>Gloria</span> <span class='ocrx_word' id='word_1_92' title='bbox 862 974 931 1016; x_wconf 85' lang='lat' dir='ltr'>tibi,</span> <span class='ocrx_word' id='word_1_93' title='bbox 959 974 1108 1006; x_wconf 89' lang='lat' dir='ltr'>Domine.</span> 
     </span>
    </p>
   </div>
   <div class='ocr_carea' id='block_1_4' title="bbox 228 1075 1552 1304">
    <p class='ocr_par' dir='ltr' id='par_1_6' title="bbox 228 1075 1552 1304">
     <span class='ocr_line' id='line_1_15' title="bbox 302 1075 1549 1113; baseline -0.002 -8"><span class='ocrx_word' id='word_1_94' title='bbox 302 1079 387 1105; x_wconf 63' lang='lat' dir='ltr'>Brex.</span> <span class='ocrx_word' id='word_1_95' title='bbox 414 1087 466 1105; x_wconf 87' lang='lat' dir='ltr'>ms.</span> <span class='ocrx_word' id='word_1_96' title='bbox 494 1079 718 1105; x_wconf 75' lang='lat' dir='ltr'>Ambrosianum</span> <span class='ocrx_word' id='word_1_97' title='bbox 745 1087 820 1105; x_wconf 81' lang='lat' dir='ltr'>saec.</span> <span class='ocrx_word' id='word_1_98' title='bbox 844 1077 886 1105; x_wconf 85' lang='lat'>15.</span> <span class='ocrx_word' id='word_1_99' title='bbox 909 1078 978 1106; x_wconf 85' lang='lat' dir='ltr'>cod.</span> <span class='ocrx_word' id='word_1_100' title='bbox 1001 1079 1078 1113; x_wconf 76' lang='lat' dir='ltr'>Borg</span> <span class='ocrx_word' id='word_1_101' title='bbox 1081 1079 1138 1104; x_wconf 89' lang='lat' dir='ltr'>ian.</span> <span class='ocrx_word' id='word_1_102' title='bbox 1160 1078 1189 1104; x_wconf 81' lang='lat' dir='ltr'><strong>M</strong></span> <span class='ocrx_word' id='word_1_103' title='bbox 1211 1078 1249 1108; x_wconf 81' lang='lat'>11,</span> <span class='ocrx_word' id='word_1_104' title='bbox 1271 1075 1316 1104; x_wconf 77' lang='grc' dir='ltr'>)Ο.</span> <span class='ocrx_word' id='word_1_105' title='bbox 1338 1077 1372 1104; x_wconf 94' lang='lat' dir='ltr'>A.</span> <span class='ocrx_word' id='word_1_106' title='bbox 1399 1092 1436 1095; x_wconf 97' lang='lat'><strong>—</strong></span> <span class='ocrx_word' id='word_1_107' title='bbox 1460 1078 1549 1104; x_wconf 77' lang='lat' dir='ltr'>Brev.</span> 
     </span>
     <span class='ocr_line' id='line_1_16' title="bbox 228 1088 1547 1152; baseline -0.001 -9"><span class='ocrx_word' id='word_1_108' title='bbox 228 1116 452 1143; x_wconf 66' lang='lat' dir='ltr'>Ambrosianum</span> <span class='ocrx_word' id='word_1_109' title='bbox 479 1117 546 1152; x_wconf 90' lang='lat' dir='ltr'>imp.</span> <span class='ocrx_word' id='word_1_110' title='bbox 576 1114 657 1143; x_wconf 69' lang='grc' dir='ltr'><strong>148Τ.</strong></span> <span class='ocrx_word' id='word_1_111' title='bbox 679 1118 712 1143; x_wconf 89' lang='grc' dir='ltr'>Β.</span> <span class='ocrx_word' id='word_1_112' title='bbox 735 1131 767 1134; x_wconf 85' lang='grc'>-</span> <span class='ocrx_word' id='word_1_113' title='bbox 790 1115 816 1146; x_wconf 83' lang='grc'>2</span> <span class='ocrx_word' id='word_1_114' title='bbox 837 1116 856 1143; x_wconf 85' lang='grc'>4</span> <span class='ocrx_word' id='word_1_115' title='bbox 879 1118 941 1144; x_wconf 86' lang='lat' dir='ltr'>suis</span> <span class='ocrx_word' id='word_1_116' title='bbox 964 1118 994 1142; x_wconf 90' lang='lat' dir='ltr'>B.</span> <span class='ocrx_word' id='word_1_117' title='bbox 1018 1131 1052 1134; x_wconf 96' lang='lat'><strong>—</strong></span> <span class='ocrx_word' id='word_1_118' title='bbox 1059 1088 1100 1147; x_wconf 67' lang='lat' dir='ltr'>g3,</span> <span class='ocrx_word' id='word_1_119' title='bbox 1122 1114 1140 1142; x_wconf 85' lang='lat'>2</span> <span class='ocrx_word' id='word_1_120' title='bbox 1161 1117 1206 1152; x_wconf 87' lang='lat' dir='ltr'>Ag</span> <span class='ocrx_word' id='word_1_121' title='bbox 1208 1119 1298 1143; x_wconf 82' lang='lat' dir='ltr'>restes</span> <span class='ocrx_word' id='word_1_122' title='bbox 1319 1115 1400 1143; x_wconf 81' lang='lat' dir='ltr'>ferae</span> <span class='ocrx_word' id='word_1_123' title='bbox 1425 1116 1547 1142; x_wconf 81' lang='lat' dir='ltr'>sedulis.</span> 
     </span>
     <span class='ocr_line' id='line_1_17' title="bbox 229 1153 1547 1189; baseline -0.001 -8"><span class='ocrx_word' id='word_1_124' title='bbox 229 1156 260 1181; x_wconf 90' lang='lat' dir='ltr'>B.</span> <span class='ocrx_word' id='word_1_125' title='bbox 283 1171 317 1174; x_wconf 97' lang='lat'><strong>—</strong></span> <span class='ocrx_word' id='word_1_126' title='bbox 339 1153 366 1186; x_wconf 89' lang='lat'>3</span> <span class='ocrx_word' id='word_1_127' title='bbox 393 1153 410 1181; x_wconf 85' lang='lat'>-3</span> <span class='ocrx_word' id='word_1_128' title='bbox 437 1155 591 1181; x_wconf 83' lang='lat' dir='ltr'>Iactabant</span> <span class='ocrx_word' id='word_1_129' title='bbox 618 1163 682 1181; x_wconf 88' lang='lat' dir='ltr'>cum</span> <span class='ocrx_word' id='word_1_130' title='bbox 712 1153 862 1181; x_wconf 83' lang='lat' dir='ltr'>blanditiis</span> <span class='ocrx_word' id='word_1_131' title='bbox 885 1155 917 1181; x_wconf 93' lang='lat' dir='ltr'>B.</span> <span class='ocrx_word' id='word_1_132' title='bbox 940 1169 974 1173; x_wconf 91' lang='lat'>—</span> <span class='ocrx_word' id='word_1_133' title='bbox 995 1153 1021 1186; x_wconf 85' lang='lat'>3,</span> <span class='ocrx_word' id='word_1_134' title='bbox 1050 1154 1068 1181; x_wconf 81' lang='grc'>4</span> <span class='ocrx_word' id='word_1_135' title='bbox 1096 1154 1135 1181; x_wconf 88' lang='lat' dir='ltr'>Et</span> <span class='ocrx_word' id='word_1_136' title='bbox 1163 1154 1218 1181; x_wconf 90' lang='lat' dir='ltr'>hoc</span> <span class='ocrx_word' id='word_1_137' title='bbox 1244 1154 1371 1181; x_wconf 76' lang='lat' dir='ltr'>athletae</span> <span class='ocrx_word' id='word_1_138' title='bbox 1400 1155 1547 1189; x_wconf 48' lang='lat' dir='ltr'>martiris.</span> 
     </span>
     <span class='ocr_line' id='line_1_18' title="bbox 228 1190 1550 1228; baseline 0 -9"><span class='ocrx_word' id='word_1_139' title='bbox 228 1193 259 1219; x_wconf 89' lang='lat' dir='ltr'>B.</span> <span class='ocrx_word' id='word_1_140' title='bbox 281 1206 317 1210; x_wconf 90' lang='lat'>—</span> <span class='ocrx_word' id='word_1_141' title='bbox 338 1192 365 1224; x_wconf 81' lang='lat'><strong>4,</strong></span> <span class='ocrx_word' id='word_1_142' title='bbox 387 1192 404 1219; x_wconf 79' lang='lat'>4</span> <span class='ocrx_word' id='word_1_143' title='bbox 432 1193 539 1227; x_wconf 80' lang='lat' dir='ltr'>signati</span> <span class='ocrx_word' id='word_1_144' title='bbox 564 1194 593 1219; x_wconf 82' lang='lat' dir='ltr'>B.</span> <span class='ocrx_word' id='word_1_145' title='bbox 615 1207 652 1211; x_wconf 96' lang='lat'><strong>—</strong></span> <span class='ocrx_word' id='word_1_146' title='bbox 673 1192 698 1223; x_wconf 84' lang='lat'>5.</span> <span class='ocrx_word' id='word_1_147' title='bbox 723 1192 776 1228; x_wconf 88' lang='lat' dir='ltr'>lp</span> <span class='ocrx_word' id='word_1_148' title='bbox 759 1201 885 1228; x_wconf 77' lang='lat' dir='ltr'>paupere</span> <span class='ocrx_word' id='word_1_149' title='bbox 907 1193 942 1219; x_wconf 87' lang='lat' dir='ltr'>A.</span> <span class='ocrx_word' id='word_1_150' title='bbox 964 1208 999 1212; x_wconf 88' lang='lat'><em>-</em></span> <span class='ocrx_word' id='word_1_151' title='bbox 1022 1191 1046 1226; x_wconf 80' lang='grc' dir='ltr'>Τ,</span> <span class='ocrx_word' id='word_1_152' title='bbox 1069 1191 1086 1219; x_wconf 98' lang='grc'>2</span> <span class='ocrx_word' id='word_1_153' title='bbox 1107 1200 1270 1228; x_wconf 74' lang='lat' dir='ltr'>gravesque</span> <span class='ocrx_word' id='word_1_154' title='bbox 1293 1194 1324 1219; x_wconf 83' lang='grc' dir='ltr'>Β.</span> <span class='ocrx_word' id='word_1_155' title='bbox 1346 1206 1382 1210; x_wconf 93' lang='grc'><strong>-</strong></span> <span class='ocrx_word' id='word_1_156' title='bbox 1409 1190 1435 1223; x_wconf 73' lang='grc'>8</span> <span class='ocrx_word' id='word_1_157' title='bbox 1458 1191 1476 1219; x_wconf 88' lang='grc'>2</span> <span class='ocrx_word' id='word_1_158' title='bbox 1497 1193 1550 1219; x_wconf 86' lang='lat' dir='ltr'>Ac.</span> 
     </span>
     <span class='ocr_line' id='line_1_19' title="bbox 228 1228 1552 1264; baseline 0 -7"><span class='ocrx_word' id='word_1_159' title='bbox 228 1232 259 1257; x_wconf 91' lang='grc' dir='ltr'>Β.</span> <span class='ocrx_word' id='word_1_160' title='bbox 287 1245 323 1249; x_wconf 93' lang='grc'>-</span> <span class='ocrx_word' id='word_1_161' title='bbox 351 1229 377 1262; x_wconf 68' lang='lat'><strong>8,</strong></span> <span class='ocrx_word' id='word_1_162' title='bbox 405 1230 422 1257; x_wconf 79' lang='lat'>4</span> <span class='ocrx_word' id='word_1_163' title='bbox 451 1231 565 1257; x_wconf 83' lang='lat' dir='ltr'>Pennas</span> <span class='ocrx_word' id='word_1_164' title='bbox 594 1231 625 1257; x_wconf 90' lang='grc' dir='ltr'>Β.</span> <span class='ocrx_word' id='word_1_165' title='bbox 656 1247 687 1250; x_wconf 93' lang='grc'><strong>-</strong></span> <span class='ocrx_word' id='word_1_166' title='bbox 721 1230 763 1258; x_wconf 89' lang='grc'>10</span> <span class='ocrx_word' id='word_1_167' title='bbox 792 1230 809 1257; x_wconf 73' lang='lat'><em>2</em></span> <span class='ocrx_word' id='word_1_168' title='bbox 835 1235 936 1258; x_wconf 82' lang='lat' dir='ltr'>sancto</span> <span class='ocrx_word' id='word_1_169' title='bbox 966 1232 998 1258; x_wconf 86' lang='lat' dir='ltr'>B</span> <span class='ocrx_word' id='word_1_170' title='bbox 1021 1230 1122 1264; x_wconf 89' lang='lat'>-11‚</span> <span class='ocrx_word' id='word_1_171' title='bbox 1149 1229 1167 1257; x_wconf 89' lang='grc'>2</span> <span class='ocrx_word' id='word_1_172' title='bbox 1188 1232 1323 1258; x_wconf 79' lang='lat' dir='ltr'>iactatus.</span> <span class='ocrx_word' id='word_1_173' title='bbox 1346 1231 1379 1257; x_wconf 92' lang='grc' dir='ltr'>Β.</span> <span class='ocrx_word' id='word_1_174' title='bbox 1405 1245 1441 1248; x_wconf 91' lang='grc'><strong>-</strong></span> <span class='ocrx_word' id='word_1_175' title='bbox 1465 1228 1508 1262; x_wconf 81' lang='grc'>12,</span> <span class='ocrx_word' id='word_1_176' title='bbox 1530 1228 1552 1258; x_wconf 83' lang='grc'>3</span> 
     </span>
     <span class='ocr_line' id='line_1_20' title="bbox 229 1267 1080 1304; baseline 0 -9"><span class='ocrx_word' id='word_1_177' title='bbox 229 1269 360 1300; x_wconf 83' lang='lat' dir='ltr'>Gentem,</span> <span class='ocrx_word' id='word_1_178' title='bbox 383 1277 457 1304; x_wconf 85' lang='lat' dir='ltr'>quae</span> <span class='ocrx_word' id='word_1_179' title='bbox 482 1269 565 1295; x_wconf 90' lang='lat' dir='ltr'>illum</span> <span class='ocrx_word' id='word_1_180' title='bbox 587 1269 715 1296; x_wconf 81' lang='lat' dir='ltr'>celebrat</span> <span class='ocrx_word' id='word_1_181' title='bbox 739 1271 770 1296; x_wconf 92' lang='lat' dir='ltr'>B.</span> <span class='ocrx_word' id='word_1_182' title='bbox 791 1282 828 1287; x_wconf 90' lang='lat'>—</span> <span class='ocrx_word' id='word_1_183' title='bbox 851 1267 930 1300; x_wconf 83' lang='grc'><strong>13,1</strong></span> <span class='ocrx_word' id='word_1_184' title='bbox 954 1269 1026 1296; x_wconf 83' lang='lat' dir='ltr'>fehlt</span> <span class='ocrx_word' id='word_1_185' title='bbox 1048 1269 1080 1295; x_wconf 92' lang='lat' dir='ltr'>B.</span> 
     </span>
    </p>
   </div>
   <div class='ocr_carea' id='block_1_5' title="bbox 668 1475 1099 1506">
    <p class='ocr_par' dir='ltr' id='par_1_7' title="bbox 668 1475 1099 1506">
     <span class='ocr_line' id='line_1_21' title="bbox 668 1475 1099 1506; baseline -0.005 0"><span class='ocrx_word' id='word_1_186' title='bbox 668 1476 719 1506; x_wconf 81' lang='lat'>171.</span> <span class='ocrx_word' id='word_1_187' title='bbox 761 1475 802 1506; x_wconf 83' lang='lat' dir='ltr'>De</span> <span class='ocrx_word' id='word_1_188' title='bbox 824 1483 848 1505; x_wconf 85' lang='lat' dir='ltr'>s.</span> <span class='ocrx_word' id='word_1_189' title='bbox 869 1475 1099 1506; x_wconf 79' lang='lat' dir='ltr'>Bonaventura.</span> 
     </span>
    </p>
   </div>
   <div class='ocr_carea' id='block_1_6' title="bbox 748 1554 1017 1590">
    <p class='ocr_par' dir='ltr' id='par_1_8' title="bbox 748 1554 1017 1590">
     <span class='ocr_line' id='line_1_22' title="bbox 748 1554 1017 1590; baseline -0.004 -9"><span class='ocrx_word' id='word_1_190' title='bbox 748 1554 798 1581; x_wconf 81' lang='lat' dir='ltr'>Ad</span> <span class='ocrx_word' id='word_1_191' title='bbox 823 1555 1017 1590; x_wconf 59' lang='lat' dir='ltr'>vesperas.</span> 
     </span>
    </p>
   </div>
   <div class='ocr_carea' id='block_1_7' title="bbox 227 1649 1488 2083">
    <p class='ocr_par' dir='ltr' id='par_1_9' title="bbox 230 1649 1488 1837">
     <span class='ocr_line' id='line_1_23' title="bbox 230 1649 1488 1695; baseline 0.002 -13"><span class='ocrx_word' id='word_1_192' title='bbox 230 1650 260 1682; x_wconf 94' lang='lat'>1.</span> <span class='ocrx_word' id='word_1_193' title='bbox 287 1649 360 1681; x_wconf 79' lang='lat' dir='ltr'>Iam</span> <span class='ocrx_word' id='word_1_194' title='bbox 391 1650 471 1682; x_wconf 75' lang='lat' dir='ltr'>lucis</span> <span class='ocrx_word' id='word_1_195' title='bbox 497 1653 565 1682; x_wconf 75' lang='lat' dir='ltr'>orto</span> <span class='ocrx_word' id='word_1_196' title='bbox 592 1651 696 1682; x_wconf 80' lang='lat' dir='ltr'>sidere</span> <span class='ocrx_word' id='word_1_197' title='bbox 915 1653 946 1684; x_wconf 77' lang='lat'><strong>3.</strong></span> <span class='ocrx_word' id='word_1_198' title='bbox 973 1652 1091 1683; x_wconf 84' lang='lat' dir='ltr'>Rector</span> <span class='ocrx_word' id='word_1_199' title='bbox 1108 1654 1237 1694; x_wconf 72' lang='lat' dir='ltr'>potens,</span> <span class='ocrx_word' id='word_1_200' title='bbox 1267 1663 1362 1685; x_wconf 60' lang='lat' dir='ltr'>verax</span> <span class='ocrx_word' id='word_1_201' title='bbox 1383 1653 1488 1695; x_wconf 80' lang='lat' dir='ltr'>Deus,</span> 
     </span>
     <span class='ocr_line' id='line_1_24' title="bbox 289 1698 1387 1738; baseline 0.004 -10"><span class='ocrx_word' id='word_1_202' title='bbox 289 1699 325 1729; x_wconf 92' lang='lat' dir='ltr'>In</span> <span class='ocrx_word' id='word_1_203' title='bbox 352 1698 425 1729; x_wconf 88' lang='lat' dir='ltr'>aula</span> <span class='ocrx_word' id='word_1_204' title='bbox 452 1698 663 1729; x_wconf 85' lang='lat' dir='ltr'>cardinalium</span> <span class='ocrx_word' id='word_1_205' title='bbox 973 1700 1032 1738; x_wconf 83' lang='lat' dir='ltr'>Qui</span> <span class='ocrx_word' id='word_1_206' title='bbox 1059 1701 1151 1731; x_wconf 87' lang='lat' dir='ltr'>sedes</span> <span class='ocrx_word' id='word_1_207' title='bbox 1177 1701 1209 1731; x_wconf 92' lang='lat' dir='ltr'>in</span> <span class='ocrx_word' id='word_1_208' title='bbox 1236 1701 1387 1736; x_wconf 85' lang='lat' dir='ltr'>triclinio.</span> 
     </span>
     <span class='ocr_line' id='line_1_25' title="bbox 288 1745 1425 1789; baseline 0.004 -13"><span class='ocrx_word' id='word_1_209' title='bbox 288 1745 385 1777; x_wconf 85' lang='lat' dir='ltr'>Chori</span> <span class='ocrx_word' id='word_1_210' title='bbox 412 1746 551 1785; x_wconf 85' lang='lat' dir='ltr'>psallant</span> <span class='ocrx_word' id='word_1_211' title='bbox 579 1750 609 1777; x_wconf 89' lang='lat' dir='ltr'>et</span> <span class='ocrx_word' id='word_1_212' title='bbox 635 1746 788 1786; x_wconf 71' lang='lat' dir='ltr'>citharae,</span> <span class='ocrx_word' id='word_1_213' title='bbox 973 1747 1065 1779; x_wconf 89' lang='lat' dir='ltr'>Hunc</span> <span class='ocrx_word' id='word_1_214' title='bbox 1091 1748 1270 1780; x_wconf 84' lang='lat' dir='ltr'>sublimasti</span> <span class='ocrx_word' id='word_1_215' title='bbox 1298 1749 1425 1789; x_wconf 85' lang='lat' dir='ltr'>dignius</span> 
     </span>
     <span class='ocr_line' id='line_1_26' title="bbox 288 1792 1339 1837; baseline 0.005 -12"><span class='ocrx_word' id='word_1_216' title='bbox 288 1792 420 1834; x_wconf 79' lang='lat' dir='ltr'>Christe,</span> <span class='ocrx_word' id='word_1_217' title='bbox 448 1793 630 1834; x_wconf 74' lang='lat' dir='ltr'>redemptor</span> <span class='ocrx_word' id='word_1_218' title='bbox 656 1795 813 1826; x_wconf 78' lang='lat' dir='ltr'>omnium.</span> <span class='ocrx_word' id='word_1_219' title='bbox 971 1795 1013 1826; x_wconf 82' lang='lat' dir='ltr'>In</span> <span class='ocrx_word' id='word_1_220' title='bbox 1046 1795 1172 1828; x_wconf 71' lang='lat' dir='ltr'>caelesti</span> <span class='ocrx_word' id='word_1_221' title='bbox 1198 1796 1339 1837; x_wconf 83' lang='lat' dir='ltr'>colle9i0.</span> 
     </span>
    </p>

    <p class='ocr_par' dir='ltr' id='par_1_10' title="bbox 227 1897 1475 2083">
     <span class='ocr_line' id='line_1_27' title="bbox 227 1897 1475 1946; baseline 0.005 -16"><span class='ocrx_word' id='word_1_222' title='bbox 227 1899 258 1931; x_wconf 85' lang='lat'>2.</span> <span class='ocrx_word' id='word_1_223' title='bbox 284 1897 383 1930; x_wconf 82' lang='lat' dir='ltr'>Nunc</span> <span class='ocrx_word' id='word_1_224' title='bbox 406 1901 516 1930; x_wconf 74' lang='lat' dir='ltr'>sanc-te</span> <span class='ocrx_word' id='word_1_225' title='bbox 540 1898 632 1930; x_wconf 76' lang='lat' dir='ltr'>nobis</span> <span class='ocrx_word' id='word_1_226' title='bbox 657 1899 792 1938; x_wconf 77' lang='lat' dir='ltr'>spiritus</span> <span class='ocrx_word' id='word_1_227' title='bbox 912 1902 943 1934; x_wconf 89' lang='lat'>4.</span> <span class='ocrx_word' id='word_1_228' title='bbox 969 1901 1093 1933; x_wconf 77' lang='lat' dir='ltr'>Rerum</span> <span class='ocrx_word' id='word_1_229' title='bbox 1119 1901 1220 1944; x_wconf 81' lang='lat' dir='ltr'>Deus,</span> <span class='ocrx_word' id='word_1_230' title='bbox 1249 1905 1345 1935; x_wconf 74' lang='lat' dir='ltr'>tenax</span> <span class='ocrx_word' id='word_1_231' title='bbox 1370 1904 1475 1946; x_wconf 75' lang='lat' dir='ltr'>viyor,</span> 
     </span>
     <span class='ocr_line' id='line_1_28' title="bbox 286 1946 1426 1991; baseline 0.004 -13"><span class='ocrx_word' id='word_1_232' title='bbox 286 1946 541 1978; x_wconf 84' lang='lat' dir='ltr'>Bonaventuram</span> <span class='ocrx_word' id='word_1_233' title='bbox 567 1947 696 1978; x_wconf 92' lang='lat' dir='ltr'>Domini</span> <span class='ocrx_word' id='word_1_234' title='bbox 971 1949 1068 1988; x_wconf 85' lang='lat' dir='ltr'>Quem</span> <span class='ocrx_word' id='word_1_235' title='bbox 1094 1953 1128 1980; x_wconf 90' lang='lat' dir='ltr'>tu</span> <span class='ocrx_word' id='word_1_236' title='bbox 1153 1951 1286 1990; x_wconf 88' lang='lat' dir='ltr'>replesti</span> <span class='ocrx_word' id='word_1_237' title='bbox 1311 1953 1426 1991; x_wconf 78' lang='lat' dir='ltr'>gratia,</span> 
     </span>
     <span class='ocr_line' id='line_1_29' title="bbox 284 1993 1448 2039; baseline 0.007 -15"><span class='ocrx_word' id='word_1_238' title='bbox 284 1993 365 2025; x_wconf 82' lang='lat' dir='ltr'>Esse</span> <span class='ocrx_word' id='word_1_239' title='bbox 389 1994 573 2026; x_wconf 83' lang='lat' dir='ltr'>monstrasti</span> <span class='ocrx_word' id='word_1_240' title='bbox 600 1995 732 2026; x_wconf 83' lang='lat' dir='ltr'>caelitus</span> <span class='ocrx_word' id='word_1_241' title='bbox 970 1997 1035 2028; x_wconf 89' lang='lat' dir='ltr'>Iam</span> <span class='ocrx_word' id='word_1_242' title='bbox 1063 1998 1207 2036; x_wconf 88' lang='lat' dir='ltr'>possidet</span> <span class='ocrx_word' id='word_1_243' title='bbox 1232 1999 1448 2039; x_wconf 87' lang='lat' dir='ltr'>triumphator</span> 
     </span>
     <span class='ocr_line' id='line_1_30' title="bbox 282 2042 1445 2083; baseline 0.006 -10"><span class='ocrx_word' id='word_1_244' title='bbox 282 2042 344 2073; x_wconf 80' lang='lat' dir='ltr'>Ad</span> <span class='ocrx_word' id='word_1_245' title='bbox 367 2051 480 2074; x_wconf 77' lang='lat' dir='ltr'>cenam</span> <span class='ocrx_word' id='word_1_246' title='bbox 506 2043 578 2083; x_wconf 68' lang='grc' dir='ltr'><em>αρν-ι’</em></span> <span class='ocrx_word' id='word_1_247' title='bbox 601 2043 741 2082; x_wconf 66' lang='lat' dir='ltr'>providi.</span> <span class='ocrx_word' id='word_1_248' title='bbox 968 2044 1113 2076; x_wconf 81' lang='lat' dir='ltr'>Aeterna-</span> <span class='ocrx_word' id='word_1_249' title='bbox 1142 2045 1262 2078; x_wconf 74' lang='lat' dir='ltr'>Christi</span> <span class='ocrx_word' id='word_1_250' title='bbox 1293 2058 1445 2080; x_wconf 76' lang='lat' dir='ltr'>munera.</span> 
     </span>
    </p>
   </div>
   <div class='ocr_carea' id='block_1_8' title="bbox 579 2147 1126 2333">
    <p class='ocr_par' dir='ltr' id='par_1_11' title="bbox 579 2147 1126 2333">
     <span class='ocr_line' id='line_1_31' title="bbox 579 2147 1088 2181; baseline 0.004 -3"><span class='ocrx_word' id='word_1_251' title='bbox 579 2149 610 2181; x_wconf 88' lang='lat'>5.</span> <span class='ocrx_word' id='word_1_252' title='bbox 636 2147 681 2179; x_wconf 86' lang='lat' dir='ltr'>Te</span> <span class='ocrx_word' id='word_1_253' title='bbox 707 2147 787 2179; x_wconf 79' lang='lat' dir='ltr'>lucis</span> <span class='ocrx_word' id='word_1_254' title='bbox 814 2151 890 2180; x_wconf 75' lang='lat' dir='ltr'>ante</span> <span class='ocrx_word' id='word_1_255' title='bbox 914 2149 1088 2181; x_wconf 79' lang='lat' dir='ltr'>terminum</span> 
     </span>
     <span class='ocr_line' id='line_1_32' title="bbox 635 2195 1097 2238; baseline 0.006 -12"><span class='ocrx_word' id='word_1_256' title='bbox 635 2195 806 2235; x_wconf 79' lang='lat' dir='ltr'>Rogamus,</span> <span class='ocrx_word' id='word_1_257' title='bbox 831 2200 866 2228; x_wconf 91' lang='lat' dir='ltr'>ut</span> <span class='ocrx_word' id='word_1_258' title='bbox 892 2205 950 2228; x_wconf 88' lang='lat' dir='ltr'>nos</span> <span class='ocrx_word' id='word_1_259' title='bbox 977 2197 1097 2238; x_wconf 86' lang='lat' dir='ltr'>dirigas</span> 
     </span>
     <span class='ocr_line' id='line_1_33' title="bbox 636 2243 1126 2288; baseline 0.008 -14"><span class='ocrx_word' id='word_1_260' title='bbox 636 2243 754 2274; x_wconf 89' lang='lat' dir='ltr'>Tecum</span> <span class='ocrx_word' id='word_1_261' title='bbox 780 2244 812 2274; x_wconf 94' lang='lat' dir='ltr'>in</span> <span class='ocrx_word' id='word_1_262' title='bbox 839 2253 937 2285; x_wconf 81' lang='lat' dir='ltr'>regno</span> <span class='ocrx_word' id='word_1_263' title='bbox 963 2245 1126 2288; x_wconf 87' lang='lat' dir='ltr'>luminum,</span> 
     </span>
     <span class='ocr_line' id='line_1_34' title="bbox 639 2288 1044 2333; baseline 0.012 -11"><span class='ocrx_word' id='word_1_264' title='bbox 639 2288 668 2323; x_wconf 90' lang='lat' dir='ltr'><em>O</em></span> <span class='ocrx_word' id='word_1_265' title='bbox 693 2291 757 2333; x_wconf 72' lang='lat' dir='ltr'>lux,</span> <span class='ocrx_word' id='word_1_266' title='bbox 783 2291 876 2324; x_wconf 82' lang='lat' dir='ltr'>beata</span> <span class='ocrx_word' id='word_1_267' title='bbox 901 2293 1044 2327; x_wconf 78' lang='lat' dir='ltr'>trinitas.</span> 
     </span>
    </p>
   </div>
   <div class='ocr_carea' id='block_1_9' title="bbox 218 2394 1544 2462">
    <p class='ocr_par' dir='ltr' id='par_1_12' title="bbox 218 2394 1544 2462">
     <span class='ocr_line' id='line_1_35' title="bbox 295 2394 1544 2444; baseline 0.01 -23"><span class='ocrx_word' id='word_1_268' title='bbox 295 2394 430 2423; x_wconf 84' lang='lat' dir='ltr'>Officium</span> <span class='ocrx_word' id='word_1_269' title='bbox 460 2405 482 2423; x_wconf 88' lang='lat' dir='ltr'>s.</span> <span class='ocrx_word' id='word_1_270' title='bbox 510 2396 612 2424; x_wconf 87' lang='lat' dir='ltr'>Crucis</span> <span class='ocrx_word' id='word_1_271' title='bbox 638 2400 667 2424; x_wconf 86' lang='lat' dir='ltr'>et</span> <span class='ocrx_word' id='word_1_272' title='bbox 696 2398 899 2426; x_wconf 78' lang='lat' dir='ltr'>amarissimae</span> <span class='ocrx_word' id='word_1_273' title='bbox 932 2400 1082 2434; x_wconf 84' lang='lat' dir='ltr'>passionis</span> <span class='ocrx_word' id='word_1_274' title='bbox 1110 2401 1145 2428; x_wconf 94' lang='lat' dir='ltr'>D.</span> <span class='ocrx_word' id='word_1_275' title='bbox 1174 2403 1210 2429; x_wconf 79' lang='lat' dir='ltr'>N.</span> <span class='ocrx_word' id='word_1_276' title='bbox 1232 2403 1301 2431; x_wconf 89' lang='lat' dir='ltr'>Iesu</span> <span class='ocrx_word' id='word_1_277' title='bbox 1329 2403 1441 2432; x_wconf 85' lang='lat' dir='ltr'>Christi</span> <span class='ocrx_word' id='word_1_278' title='bbox 1473 2408 1544 2444; x_wconf 89' lang='lat' dir='ltr'>imp.</span> 
     </span>
     <span class='ocr_line' id='line_1_36' title="bbox 218 2432 485 2462; baseline 0.008 -2"><span class='ocrx_word' id='word_1_279' title='bbox 218 2432 380 2461; x_wconf 79' lang='lat' dir='ltr'>Mediolani</span> <span class='ocrx_word' id='word_1_280' title='bbox 404 2432 485 2462; x_wconf 84' lang='lat'>1492.</span> 
     </span>
    </p>
   </div>
  </div>
 </body>
</html>
