1653 2656
721 158 767 162 —
819 138 886 173 172
935 158 983 164 —-

554 285 621 315 294.
662 286 694 317 ln
717 287 938 319 'translatione
959 297 983 320 s.
1006 289 1141 322 Henrici.

730 357 781 384 Ad
806 358 962 386 Laudes.

198 438 226 469 1.
255 438 412 478 Hymnum
440 450 554 473 novum
582 444 738 475 concinite

251 485 350 518 Laeto
377 488 546 520 deductum
574 492 697 523 cantico

250 534 382 566 Athleta
408 545 466 576 pro
493 538 636 569 antistite

250 581 358 621 Regno
384 590 537 616 vernante
564 586 692 618 caelico.

192 677 223 709 2.
251 676 383 708 Effracti
410 680 494 710 vasis
520 680 693 713 balsamum

248 724 325 755 Tam
353 726 416 757 late
442 728 543 768 spirat
572 729 719 767 dulciterv

246 771 334 810 Quod
363 774 413 805 vix
433 784 490 814 per
508 776 633 816 linguae
656 778 811 810 calamum

245 819 317 850 Dici
343 826 446 861 potest
474 823 658 862 plenariter.

189 916 222 947 3.
250 915 342 947 Vitae
367 917 545 950 redduntur
570 922 696 962 mortui,

247 963 323 994 Visu
350 965 467 1004 privati
494 967 614 1009 lumini,

246 1011 359 1043 Claudi
388 1013 495 1044 donati
520 1016 651 1053 gressui.

246 1058 328 1090 Muti
356 1059 480 1100 linguae
505 1062 666 1094 laxamini.

876 448 909 478 4.
938 447 1066 479 Portum
1094 449 1206 481 salutis
1232 459 1370 491 propere

936 495 1068 535 Lar-gire
1093 505 1128 528 se
1153 499 1359 538 poscentibus

934 542 1020 574 Miro
1046 544 1198 576 virtutum
1225 555 1355 578 munere

934 590 1066 623 Cunctis
1093 591 1178 624 favet
1206 593 1375 628 debilibus,

899 710 906 718 .
935 685 1011 725 Nos,
1039 687 1091 727 pie
1117 693 1220 728 pater.
1248 691 1373 731 respice

933 733 1009 765 Tuis
1035 735 1190 768 instantes
1216 737 1364 770 laudibus

933 781 1077 822 vivoque
1104 782 1190 816 fonte
1216 785 1311 817 refice

933 829 1008 860 Tuis
1035 831 1267 871 largitionibus.

897 949 904 956 .
932 924 1034 956 Huius
1060 927 1151 958 nobis
1178 930 1372 969 precatibus,

931 972 1014 1005 Iesu.
1043 974 1083 1005 da
1109 984 1225 1015 perpes
1252 978 1411 1017 gaudium,

931 1020 998 1058 Quo
1025 1026 1126 1053 tecum
1155 1024 1184 1054 in
1213 1025 1404 1058 caelestibus

927 1067 1051 1099 Gaudet
1081 1075 1187 1102 coetus
1214 1071 1365 1107 fidelium.

259 1152 426 1187 Klemming
448 1155 468 1183 Ι,
497 1154 547 1182 137
570 1165 596 1182 ιι.
619 1158 636 1183 f.
662 1172 696 1175 —
719 1159 784 1194 Vgl.
806 1159 852 1186 die
874 1161 1059 1196 Bemerkung
1080 1173 1115 1190 zu
1137 1166 1188 1191 Nr.
1212 1165 1274 1193 292.

519 1334 586 1364 295.
627 1335 660 1366 In
683 1336 825 1368 sollemni
849 1338 1144 1372 Commemoratione

611 1402 648 1422 ss.
672 1393 872 1425 fler-melandi
898 1398 930 1426 et
951 1397 1051 1428 Baldi.

178 1477 207 1508 1.
237 1477 331 1508 Clara
357 1484 538 1510 sanctoruni
565 1483 687 1516 merita,

237 1524 342 1556 Sacris
367 1535 498 1565 quorum
527 1529 712 1569 pignoribus

861 1488 891 1518 5.

238 1572 318 1603 Aula
345 1582 494 1612 praesens
522 1580 567 1606 est
593 1579 750 1619 praedita,

235 1619 347 1659 Dignis
374 1622 512 1654 colamus
539 1623 696 1657 laudibus.

199 1740 205 1746 .
233 1716 353 1746 Assunt
380 1717 469 1748 nobis
497 1718 621 1750 dotaria

234 1762 344 1794 Crucis
374 1764 494 1796 Christi
520 1768 707 1806 particulae,

232 1810 297 1841 Lac
323 1821 400 1842 zona
427 1821 495 1844 cum
523 1815 639 1847 eximia

232 1858 349 1890 Beatae
375 1860 493 1892 Christi
521 1863 658 1901 gerulae.

169 1954 200 1985 3.
232 1953 418 1987 vestimenti
444 1958 601 1996 particula

856 1964 886 1996 7.

229 2002 358 2036 Christi.
385 2006 468 2043 quod
497 2010 544 2036 est
569 2016 774 2048 purpureum,

226 2049 285 2080 Est
314 2056 355 2089 et,
381 2052 420 2082 ab
447 2053 619 2093 imaginula

227 2098 315 2136 Quod
345 2101 515 2137 emanavit,
542 2103 658 2136 oleum.

168 2195 200 2225 4.
230 2195 345 2226 Petrae
373 2196 413 2227 de
440 2197 559 2229 Christi
585 2201 706 2232 tumulo

229 2242 371 2283 Eiusque
396 2253 471 2283 pars
497 2247 630 2285 sudarii,

921 1487 1128 1520 Hermelandi
1155 1492 1328 1532 praecipue

917 1534 1074 1575 Baldiquc
1099 1539 1201 1569 sancti
1229 1548 1365 1580 corpora

914 1583 1034 1614 Assunt
1062 1585 1122 1622 hic,
1150 1591 1183 1617 ut
1209 1588 1338 1620 assidue

916 1629 1035 1662 Nostra
1061 1639 1199 1673 purgent
1229 1634 1383 1671 facinora.

884 1752 890 1758 .
917 1726 1134 1767 innocentum,
1164 1729 1305 1771 Georgii,

917 1774 1125 1814 Radegundis
1151 1778 1297 1815 eximiae,

916 1821 1008 1863 sixti,
1038 1823 1180 1859 Cosmae.
1209 1826 1368 1860 Vincentii

916 1869 1017 1901 Nobis
1043 1878 1152 1904 assunt
1178 1874 1341 1914 reliquiae.

913 1965 1000 1997 Dens
1027 1967 1171 2000 Machuti
1197 1971 1358 2010 pontificis

912 2013 1124 2053 Magdalenae
1151 2027 1221 2049 cum
1247 2020 1372 2052 ossibus

909 2061 1050 2102 Eiusque
1074 2064 1132 2103 pili
1158 2067 1287 2099 verticis

908 2109 968 2140 His
994 2110 1095 2142 iuncti
1119 2118 1192 2145 sunt
1218 2117 1430 2156 magnalibus.

855 2204 887 2238 8.
915 2205 974 2244 Qui
1000 2211 1047 2238 tot
1073 2208 1228 2242 donorum
1255 2212 1416 2247 schemate

228 2289 307 2321 Sunt
333 2296 363 2322 et
389 2293 422 2323 in
448 2293 576 2326 laudum
604 2299 728 2330 cumulo

225 2337 414 2372 Sanctorum
441 2347 529 2374 artus
557 2345 646 2376 varii.

241 2435 323 2461 Brev.
346 2436 498 2465 Lochense
521 2439 590 2475 imp.
611 2441 778 2470 Turonibus
803 2441 887 2471 1536.

915 2253 981 2285 Nos
1009 2255 1141 2288 honorat
1167 2258 1199 2290 iu
1227 2261 1343 2299 stadio,

913 2301 989 2334 Cum
1014 2304 1180 2346 utriusque
1205 2315 1376 2348 pneumate

912 2349 959 2381 Sit
986 2351 1055 2383 laus
1081 2355 1166 2394 patri
1193 2365 1262 2388 cum
1289 2357 1367 2393 filio.
