1653 2656
696 135 931 170 ,15-

149 230 182 264 3.
209 230 329 264 Somno
354 241 418 264 non
445 233 540 266 cedat
565 233 699 274 spiritus
844 235 876 268 4.
905 234 1029 265 Vacent
1052 232 1170 265 ardore
1195 235 1327 272 pectora

210 278 361 320 Vigilque
387 285 494 314 custos
520 282 666 322 corporis
905 281 1008 313 Faces
1033 290 1094 313 nec
1117 281 1200 313 ullas
1226 280 1377 321 sentiant,

209 327 318 359 Metus
342 329 454 361 inanes
479 334 601 372 arceat,
905 329 1026 362 Adfixa
1051 338 1090 361 ne
1116 328 1316 370 praecordiis

210 375 329 409 Fallax
356 377 499 417 depellat
525 378 687 418 gaudium.
905 378 1026 410 Mentis
1053 378 1193 418 vigorem
1219 377 1374 409 saucient.

558 478 590 508 5.
618 473 683 506 Sed
710 483 780 505 cum
808 472 939 505 defessa
965 483 1101 513 corpora

617 522 726 554 Somni
752 521 907 553 tenebunt
936 522 1082 563 gratiam,

618 570 693 602 Solo
720 570 836 610 quietis
863 570 905 601 sit
930 579 1061 610 memor,

615 618 717 650 Fides
743 627 892 658 soporem
918 619 1051 651 neseiat.

226 717 320 744 Psalt.
342 727 395 744 ms.
418 725 495 746 saec.
517 716 563 745 819.
583 719 653 746 Cod.
676 719 812 745 Vatican.
834 719 904 753 Reg.
924 717 964 745 ll.
991 733 1023 736 —
1051 717 1074 750 1,
1099 716 1117 745 3
1139 718 1246 745 wieder
1268 718 1430 745 laboribus.

148 754 175 788 3,
197 753 215 782 3
236 757 346 783 inanis.
371 770 407 775 ———
429 755 456 788 5,
478 755 497 784 3
517 757 601 784 Lies:
630 757 702 785 Sola
723 758 832 791 quietis
854 758 1028 784 inimemor?
1049 770 1087 776 -—
1114 756 1139 787 5,
1162 756 1180 783 4
1202 758 1344 783 nesciant.
1368 771 1403 775 —
1426 756 1484 783 Cfr.

149 795 338 822 'rommamus
361 796 400 827 11,
422 794 487 822 419.

592 908 634 940 15.
677 908 815 947 Hymnus
836 907 1054 948 Vesper-tinus.

655 989 786 1015 Feriae
816 988 991 1021 Quartae.

155 1077 188 1110 1.
216 1076 314 1118 Deus,
344 1080 471 1108 creator
497 1076 649 1115 omnium,
853 1077 885 1108 3.
913 1075 1034 1107 Sensus
1061 1074 1190 1106 humani
1218 1075 1363 1114 corporis

215 1125 276 1164 Qui
302 1124 398 1156 finem
427 1125 485 1156 das
512 1124 696 1165 principiis,
913 1123 987 1154 Tibi
1015 1123 1143 1154 Christe
1171 1123 1333 1154 deserviat

213 1173 293 1205 Post
320 1173 406 1205 diem
430 1173 527 1204 horas
553 1172 694 1204 noctium
913 1171 957 1203 Et
983 1181 1040 1202 nos
1066 1171 1099 1202 in
1126 1170 1188 1202 fine
1215 1171 1370 1210 temporis

213 1222 344 1262 Quietas
372 1220 425 1253 fac
448 1231 468 1253 a
493 1221 609 1253 noxiis,
914 1220 1037 1259 Dignos
1064 1228 1182 1251 corona
1209 1218 1318 1251 faciat.

154 1320 187 1351 2.
218 1318 290 1350 Non
317 1318 420 1350 hostis
442 1327 500 1349 nos
526 1318 697 1358 impediat,
857 1319 889 1350 4.
918 1316 1064 1356 Spondet
1089 1325 1238 1348 coronam
1265 1315 1374 1355 operis

216 1366 299 1407 Quin
325 1366 421 1398 finem
449 1366 562 1398 demus
590 1366 745 1406 debitum,
917 1365 1019 1407 Finis,
1048 1365 1075 1395 si
1101 1364 1143 1395 sit
1169 1364 1348 1404 legitimus3

216 1414 296 1447 Luci
324 1423 446 1454 nosque
472 1414 629 1455 suscipiat
918 1413 1057 1453 Christe,
1085 1413 1187 1444 nostri
1213 1412 1407 1450 memineris⁷

218 1463 368 1495 Christus
396 1463 482 1494 vitae
508 1466 583 1502 post
609 1463 741 1494 exitum.
919 1461 1015 1493 Lucis
1041 1460 1137 1492 finem
1165 1461 1239 1492 dum
1266 1460 1399 1500 agimus.

560 1561 593 1592 5.
620 1559 690 1591 Deo
712 1559 799 1599 patri
825 1559 867 1590 sit
895 1558 999 1598 gloria

622 1607 760 1648 Tibique
787 1607 846 1638 soli
874 1605 940 1638 filio

623 1656 703 1689 Cum
730 1656 882 1696 paracliti
908 1655 1024 1696 gratia,

622 1706 691 1745 Quo
717 1704 915 1745 gaudeamus
941 1704 1040 1735 socio.

232 1806 319 1833 Brev.
341 1805 505 1833 Grassense
527 1806 598 1841 imp.
620 1805 761 1840 Lugduni
786 1801 868 1831 1528.

552 1967 594 1999 16.
636 1967 773 2007 Hymnus
796 1965 901 1998 laudis
923 1965 963 1996 ad
984 1965 1089 1996 Deum.

158 2060 190 2093 1.
216 2059 439 2100 Omnipotenti
466 2058 606 2091 Domino
857 2058 888 2090 3.
916 2057 941 2089 Ο
968 2065 1062 2096 quam
1089 2053 1338 2087 inaestimabilis

217 2108 325 2149 Digna
354 2108 467 2140 demus
493 2106 668 2148 praeconia
915 2105 976 2136 Dei
1004 2104 1105 2146 patris
1132 2102 1273 2141 dileetio⁷

215 2157 298 2197 Regi
325 2166 436 2198 regum
462 2165 522 2197 per
547 2155 655 2188 omnia
916 2155 1053 2193 Quanta,
1080 2161 1173 2192 quam
1201 2150 1405 2182 admirabilis

215 2206 453 2238 Benedicentes
481 2204 622 2237 saecula.
917 2201 1014 2233 Tanti
1040 2201 1124 2241 regis
1151 2199 1306 2241 dignatio,

160 2309 192 2341 2.
220 2307 283 2347 Qui
308 2316 401 2339 suum
428 2305 521 2338 dedit
545 2305 648 2338 filium
858 2304 892 2338 4.
920 2303 982 2335 Pro
1009 2302 1072 2334 reis
1098 2302 1189 2334 illum
1216 2301 1358 2339 tradere,

217 2357 283 2389 Pro
308 2355 403 2387 nobis
428 2354 627 2395 unigenitum
920 2351 981 2390 Qui
1006 2354 1174 2392 peccatum
1201 2350 1371 2388 nescierat,

217 2402 466 2444 Redemptionis
493 2403 634 2443 pretium
918 2401 982 2433 Pro
1008 2400 1110 2431 servis
1138 2399 1215 2431 dare
1241 2398 1354 2440 filium,

220 2453 376 2485 Misertus
403 2452 619 2493 pereuntium.
918 2449 1018 2488 Quem
1045 2457 1172 2489 semper
1195 2449 1242 2480 sic
1268 2448 1448 2480 dilexerat!
