<?xml version="1.0" encoding="UTF-8"?>
<!DOCTYPE html PUBLIC "-//W3C//DTD XHTML 1.0 Transitional//EN"
    "http://www.w3.org/TR/xhtml1/DTD/xhtml1-transitional.dtd">
<html xmlns="http://www.w3.org/1999/xhtml" xml:lang="en" lang="en">
 <head>
  <title>
</title>
<meta http-equiv="Content-Type" content="text/html;charset=utf-8" />
  <meta name='ocr-system' content='tesseract 3.04.00' />
  <meta name='ocr-capabilities' content='ocr_page ocr_carea ocr_par ocr_line ocrx_word'/>
</head>
<body>
  <div class='ocr_page' id='page_1' title='image "./analectahymnica43drevuoft/analectahymnica43drevuoft_0257.png"; bbox 0 0 1653 2656; ppageno 0'>
   <div class='ocr_carea' id='block_1_1' title="bbox 689 167 944 202">
    <p class='ocr_par' dir='ltr' id='par_1_1' title="bbox 689 167 944 202">
     <span class='ocr_line' id='line_1_1' title="bbox 689 167 944 202; baseline -0.016 2"><span class='ocrx_word' id='word_1_1' title='bbox 689 167 944 202; x_wconf 84' lang='lat'>—254—</span> 
     </span>
    </p>
   </div>
   <div class='ocr_carea' id='block_1_2' title="bbox 543 261 1064 448">
    <p class='ocr_par' dir='ltr' id='par_1_2' title="bbox 543 261 1064 448">
     <span class='ocr_line' id='line_1_2' title="bbox 543 261 1022 303; baseline -0.021 -1"><span class='ocrx_word' id='word_1_2' title='bbox 543 273 575 302; x_wconf 85' lang='lat'>5.</span> <span class='ocrx_word' id='word_1_3' title='bbox 602 269 687 300; x_wconf 87' lang='lat' dir='ltr'>Laus</span> <span class='ocrx_word' id='word_1_4' title='bbox 713 266 761 297; x_wconf 88' lang='lat' dir='ltr'>illi</span> <span class='ocrx_word' id='word_1_5' title='bbox 789 265 884 297; x_wconf 89' lang='lat' dir='ltr'>detur</span> <span class='ocrx_word' id='word_1_6' title='bbox 909 261 1022 303; x_wconf 73' lang='lat' dir='ltr'>gloria,</span> 
     </span>
     <span class='ocr_line' id='line_1_3' title="bbox 602 309 1064 355; baseline -0.017 -7"><span class='ocrx_word' id='word_1_7' title='bbox 602 317 661 355; x_wconf 86' lang='lat' dir='ltr'>Qui</span> <span class='ocrx_word' id='word_1_8' title='bbox 686 313 825 346; x_wconf 83' lang='lat' dir='ltr'>maximo</span> <span class='ocrx_word' id='word_1_9' title='bbox 852 320 922 342; x_wconf 89' lang='lat' dir='ltr'>cum</span> <span class='ocrx_word' id='word_1_10' title='bbox 947 309 1064 350; x_wconf 84' lang='lat' dir='ltr'>gaudio</span> 
     </span>
     <span class='ocr_line' id='line_1_4' title="bbox 601 357 1043 402; baseline -0.018 -6"><span class='ocrx_word' id='word_1_11' title='bbox 601 362 786 402; x_wconf 84' lang='lat' dir='ltr'>Assumpsit</span> <span class='ocrx_word' id='word_1_12' title='bbox 812 369 882 392; x_wconf 88' lang='lat' dir='ltr'>cum</span> <span class='ocrx_word' id='word_1_13' title='bbox 909 357 1043 390; x_wconf 87' lang='lat' dir='ltr'>victoria</span> 
     </span>
     <span class='ocr_line' id='line_1_5' title="bbox 603 406 1020 448; baseline -0.014 -5"><span class='ocrx_word' id='word_1_14' title='bbox 603 412 697 443; x_wconf 88' lang='lat' dir='ltr'>Hunc</span> <span class='ocrx_word' id='word_1_15' title='bbox 722 411 755 441; x_wconf 91' lang='lat' dir='ltr'>in</span> <span class='ocrx_word' id='word_1_16' title='bbox 783 408 863 440; x_wconf 86' lang='lat' dir='ltr'>caeli</span> <span class='ocrx_word' id='word_1_17' title='bbox 889 406 1020 448; x_wconf 83' lang='lat' dir='ltr'>palatio.</span> 
     </span>
    </p>
   </div>
   <div class='ocr_carea' id='block_1_3' title="bbox 240 489 1472 540">
    <p class='ocr_par' dir='ltr' id='par_1_3' title="bbox 240 489 1472 540">
     <span class='ocr_line' id='line_1_6' title="bbox 240 489 1472 540; baseline -0.016 -1"><span class='ocrx_word' id='word_1_18' title='bbox 240 515 322 540; x_wconf 74' lang='lat' dir='ltr'>h&#39;rev.</span> <span class='ocrx_word' id='word_1_19' title='bbox 344 520 396 537; x_wconf 62' lang='grc' dir='ltr'>ηις.</span> <span class='ocrx_word' id='word_1_20' title='bbox 417 510 549 537; x_wconf 83' lang='lat' dir='ltr'>Cavense</span> <span class='ocrx_word' id='word_1_21' title='bbox 576 507 646 534; x_wconf 83' lang='lat' dir='ltr'>anni</span> <span class='ocrx_word' id='word_1_22' title='bbox 671 503 751 532; x_wconf 81' lang='lat'>1308.</span> <span class='ocrx_word' id='word_1_23' title='bbox 774 503 844 530; x_wconf 87' lang='lat' dir='ltr'>Cod.</span> <span class='ocrx_word' id='word_1_24' title='bbox 866 501 1041 529; x_wconf 81' lang='lat' dir='ltr'>casanaten.</span> <span class='ocrx_word' id='word_1_25' title='bbox 1063 500 1085 526; x_wconf 89' lang='lat' dir='ltr'>C</span> <span class='ocrx_word' id='word_1_26' title='bbox 1106 498 1151 525; x_wconf 89' lang='lat'>111</span> <span class='ocrx_word' id='word_1_27' title='bbox 1171 495 1189 524; x_wconf 86' lang='lat'><strong>2</strong></span> <span class='ocrx_word' id='word_1_28' title='bbox 1208 494 1312 527; x_wconf 69' lang='lat'>(1575).</span> <span class='ocrx_word' id='word_1_29' title='bbox 1337 508 1370 512; x_wconf 90' lang='lat'>—-</span> <span class='ocrx_word' id='word_1_30' title='bbox 1392 492 1425 524; x_wconf 82' lang='lat'>5,</span> <span class='ocrx_word' id='word_1_31' title='bbox 1453 489 1472 518; x_wconf 84' lang='grc'>2</span> 
     </span>
    </p>
   </div>
   <div class='ocr_carea' id='block_1_4' title="bbox 163 538 990 583">
    <p class='ocr_par' dir='ltr' id='par_1_4' title="bbox 163 538 990 583">
     <span class='ocr_line' id='line_1_7' title="bbox 163 538 990 583; baseline -0.016 -5"><span class='ocrx_word' id='word_1_32' title='bbox 163 553 289 579; x_wconf 73' lang='lat' dir='ltr'>maximi.</span> <span class='ocrx_word' id='word_1_33' title='bbox 313 564 345 567; x_wconf 91' lang='lat'>—</span> <span class='ocrx_word' id='word_1_34' title='bbox 370 548 435 583; x_wconf 73' lang='lat' dir='ltr'>Vgl.</span> <span class='ocrx_word' id='word_1_35' title='bbox 457 556 492 573; x_wconf 87' lang='lat' dir='ltr'>zu</span> <span class='ocrx_word' id='word_1_36' title='bbox 514 547 570 573; x_wconf 84' lang='lat' dir='ltr'>Str.</span> <span class='ocrx_word' id='word_1_37' title='bbox 595 545 606 572; x_wconf 95' lang='lat' dir='ltr'>l</span> <span class='ocrx_word' id='word_1_38' title='bbox 632 544 715 571; x_wconf 80' lang='lat' dir='ltr'>Anal.</span> <span class='ocrx_word' id='word_1_39' title='bbox 738 543 834 573; x_wconf 75' lang='lat' dir='ltr'>XXII,</span> <span class='ocrx_word' id='word_1_40' title='bbox 856 541 906 568; x_wconf 89' lang='lat' dir='ltr'>Nr.</span> <span class='ocrx_word' id='word_1_41' title='bbox 928 538 990 566; x_wconf 84' lang='lat'>171.</span> 
     </span>
    </p>
   </div>
   <div class='ocr_carea' id='block_1_5' title="bbox 601 707 1049 745">
    <p class='ocr_par' dir='ltr' id='par_1_5' title="bbox 601 707 1049 745">
     <span class='ocr_line' id='line_1_8' title="bbox 601 707 1049 745; baseline -0.016 -1"><span class='ocrx_word' id='word_1_42' title='bbox 601 714 669 745; x_wconf 70' lang='lat'>425.</span> <span class='ocrx_word' id='word_1_43' title='bbox 712 713 753 743; x_wconf 84' lang='lat' dir='ltr'>De</span> <span class='ocrx_word' id='word_1_44' title='bbox 775 712 884 742; x_wconf 79' lang='lat' dir='ltr'>saneto</span> <span class='ocrx_word' id='word_1_45' title='bbox 907 707 1049 740; x_wconf 79' lang='lat' dir='ltr'>Maximo.</span> 
     </span>
    </p>
   </div>
   <div class='ocr_carea' id='block_1_6' title="bbox 192 780 1399 1297">
    <p class='ocr_par' dir='ltr' id='par_1_6' title="bbox 699 780 934 809">
     <span class='ocr_line' id='line_1_9' title="bbox 699 780 934 809; baseline -0.013 0"><span class='ocrx_word' id='word_1_46' title='bbox 699 782 749 809; x_wconf 88' lang='lat' dir='ltr'>Ad</span> <span class='ocrx_word' id='word_1_47' title='bbox 775 780 934 809; x_wconf 82' lang='lat' dir='ltr'>Laudes.</span> 
     </span>
    </p>

    <p class='ocr_par' dir='ltr' id='par_1_7' title="bbox 192 861 1375 1051">
     <span class='ocr_line' id='line_1_10' title="bbox 192 861 1333 914; baseline -0.017 -5"><span class='ocrx_word' id='word_1_48' title='bbox 192 904 198 910; x_wconf 94' lang='lat'><em>.</em></span> <span class='ocrx_word' id='word_1_49' title='bbox 226 880 352 909; x_wconf 79' lang='lat' dir='ltr'>Aurora</span> <span class='ocrx_word' id='word_1_50' title='bbox 378 875 476 914; x_wconf 74' lang='lat' dir='ltr'>sui-git</span> <span class='ocrx_word' id='word_1_51' title='bbox 504 882 601 904; x_wconf 82' lang='lat' dir='ltr'>aurea</span> <span class='ocrx_word' id='word_1_52' title='bbox 853 870 884 902; x_wconf 86' lang='lat'>3.</span> <span class='ocrx_word' id='word_1_53' title='bbox 912 867 974 898; x_wconf 91' lang='lat' dir='ltr'>Hic</span> <span class='ocrx_word' id='word_1_54' title='bbox 999 869 1034 896; x_wconf 79' lang='lat' dir='ltr'>ut</span> <span class='ocrx_word' id='word_1_55' title='bbox 1059 864 1152 896; x_wconf 87' lang='lat' dir='ltr'>stella</span> <span class='ocrx_word' id='word_1_56' title='bbox 1178 861 1333 893; x_wconf 78' lang='lat' dir='ltr'>matutina</span> 
     </span>
     <span class='ocr_line' id='line_1_11' title="bbox 227 908 1333 962; baseline -0.017 -5"><span class='ocrx_word' id='word_1_57' title='bbox 227 927 263 957; x_wconf 92' lang='lat' dir='ltr'>In</span> <span class='ocrx_word' id='word_1_58' title='bbox 290 924 423 956; x_wconf 83' lang='lat' dir='ltr'>Maximi</span> <span class='ocrx_word' id='word_1_59' title='bbox 446 921 598 962; x_wconf 75' lang='lat' dir='ltr'>tripudio,</span> <span class='ocrx_word' id='word_1_60' title='bbox 913 913 1088 953; x_wconf 84' lang='lat' dir='ltr'>Resulgens</span> <span class='ocrx_word' id='word_1_61' title='bbox 1114 911 1194 942; x_wconf 88' lang='lat' dir='ltr'>caeli</span> <span class='ocrx_word' id='word_1_62' title='bbox 1218 908 1333 949; x_wconf 84' lang='lat' dir='ltr'>gaudio</span> 
     </span>
     <span class='ocr_line' id='line_1_12' title="bbox 229 956 1375 1005; baseline -0.017 -1"><span class='ocrx_word' id='word_1_63' title='bbox 229 973 269 1005; x_wconf 87' lang='lat' dir='ltr'>Et</span> <span class='ocrx_word' id='word_1_64' title='bbox 296 977 329 1003; x_wconf 91' lang='lat' dir='ltr'>ut</span> <span class='ocrx_word' id='word_1_65' title='bbox 356 970 500 1002; x_wconf 85' lang='lat' dir='ltr'>columba</span> <span class='ocrx_word' id='word_1_66' title='bbox 526 969 618 999; x_wconf 85' lang='lat' dir='ltr'>nivea</span> <span class='ocrx_word' id='word_1_67' title='bbox 915 961 1021 994; x_wconf 90' lang='lat' dir='ltr'>Verbo</span> <span class='ocrx_word' id='word_1_68' title='bbox 1049 961 1147 992; x_wconf 84' lang='lat' dir='ltr'>vitam</span> <span class='ocrx_word' id='word_1_69' title='bbox 1174 962 1203 989; x_wconf 86' lang='lat' dir='ltr'>et</span> <span class='ocrx_word' id='word_1_70' title='bbox 1231 956 1375 988; x_wconf 82' lang='lat' dir='ltr'>doctrina</span> 
     </span>
     <span class='ocr_line' id='line_1_13' title="bbox 237 1004 1345 1051; baseline -0.014 0"><span class='ocrx_word' id='word_1_71' title='bbox 237 1021 305 1051; x_wconf 81' lang='lat' dir='ltr'>Lux</span> <span class='ocrx_word' id='word_1_72' title='bbox 331 1020 413 1050; x_wconf 86' lang='lat' dir='ltr'>lucet</span> <span class='ocrx_word' id='word_1_73' title='bbox 441 1018 506 1048; x_wconf 76' lang='lat' dir='ltr'>eius</span> <span class='ocrx_word' id='word_1_74' title='bbox 534 1016 635 1048; x_wconf 76' lang='lat' dir='ltr'>radio,</span> <span class='ocrx_word' id='word_1_75' title='bbox 917 1011 979 1042; x_wconf 81' lang='lat' dir='ltr'>Dat</span> <span class='ocrx_word' id='word_1_76' title='bbox 1007 1009 1058 1040; x_wconf 86' lang='lat' dir='ltr'>hic</span> <span class='ocrx_word' id='word_1_77' title='bbox 1084 1007 1187 1047; x_wconf 82' lang='lat' dir='ltr'>dignis</span> <span class='ocrx_word' id='word_1_78' title='bbox 1215 1004 1345 1044; x_wconf 78' lang='lat' dir='ltr'>palatio.</span> 
     </span>
    </p>

    <p class='ocr_par' dir='ltr' id='par_1_8' title="bbox 195 1106 1399 1297">
     <span class='ocr_line' id='line_1_14' title="bbox 195 1106 1399 1155; baseline -0.017 -7"><span class='ocrx_word' id='word_1_79' title='bbox 195 1145 200 1150; x_wconf 77' lang='grc'><strong>,</strong></span> <span class='ocrx_word' id='word_1_80' title='bbox 227 1117 251 1147; x_wconf 85' lang='grc' dir='ltr'>Ο</span> <span class='ocrx_word' id='word_1_81' title='bbox 278 1120 387 1155; x_wconf 82' lang='lat' dir='ltr'>pastor</span> <span class='ocrx_word' id='word_1_82' title='bbox 412 1112 622 1149; x_wconf 75' lang='lat' dir='ltr'>admirabilis,</span> <span class='ocrx_word' id='word_1_83' title='bbox 855 1109 886 1139; x_wconf 88' lang='lat'>4.</span> <span class='ocrx_word' id='word_1_84' title='bbox 915 1107 1071 1137; x_wconf 74' lang='lat' dir='ltr'>Verorum</span> <span class='ocrx_word' id='word_1_85' title='bbox 1093 1106 1186 1143; x_wconf 87' lang='lat' dir='ltr'>pater</span> <span class='ocrx_word' id='word_1_86' title='bbox 1212 1109 1399 1140; x_wconf 73' lang='lat' dir='ltr'>pauperum,</span> 
     </span>
     <span class='ocr_line' id='line_1_15' title="bbox 231 1150 1324 1201; baseline -0.015 -7"><span class='ocrx_word' id='word_1_87' title='bbox 231 1164 287 1194; x_wconf 71' lang='lat' dir='ltr'>Vir</span> <span class='ocrx_word' id='word_1_88' title='bbox 312 1163 408 1193; x_wconf 83' lang='lat' dir='ltr'>totius</span> <span class='ocrx_word' id='word_1_89' title='bbox 437 1160 636 1201; x_wconf 83' lang='lat' dir='ltr'>prudentiae,</span> <span class='ocrx_word' id='word_1_90' title='bbox 916 1154 966 1186; x_wconf 89' lang='lat' dir='ltr'>Sis</span> <span class='ocrx_word' id='word_1_91' title='bbox 992 1152 1120 1184; x_wconf 86' lang='lat' dir='ltr'>adiutor</span> <span class='ocrx_word' id='word_1_92' title='bbox 1147 1150 1324 1189; x_wconf 70' lang='lat' dir='ltr'>humilium⁷</span> 
     </span>
     <span class='ocr_line' id='line_1_16' title="bbox 230 1198 1351 1242; baseline -0.014 0"><span class='ocrx_word' id='word_1_93' title='bbox 230 1211 381 1242; x_wconf 81' lang='lat' dir='ltr'>Maxime.</span> <span class='ocrx_word' id='word_1_94' title='bbox 409 1213 442 1239; x_wconf 92' lang='lat' dir='ltr'>tu</span> <span class='ocrx_word' id='word_1_95' title='bbox 469 1207 614 1239; x_wconf 84' lang='lat' dir='ltr'>amabilis</span> <span class='ocrx_word' id='word_1_96' title='bbox 914 1200 1106 1233; x_wconf 86' lang='lat' dir='ltr'>Retribuens</span> <span class='ocrx_word' id='word_1_97' title='bbox 1132 1198 1164 1229; x_wconf 91' lang='lat' dir='ltr'>in</span> <span class='ocrx_word' id='word_1_98' title='bbox 1190 1201 1351 1237; x_wconf 80' lang='lat' dir='ltr'>posterum</span> 
     </span>
     <span class='ocr_line' id='line_1_17' title="bbox 232 1245 1356 1297; baseline -0.014 -7"><span class='ocrx_word' id='word_1_99' title='bbox 232 1259 387 1297; x_wconf 83' lang='lat' dir='ltr'>splendes</span> <span class='ocrx_word' id='word_1_100' title='bbox 414 1258 445 1287; x_wconf 91' lang='lat' dir='ltr'>in</span> <span class='ocrx_word' id='word_1_101' title='bbox 472 1256 558 1286; x_wconf 86' lang='lat' dir='ltr'>caelo</span> <span class='ocrx_word' id='word_1_102' title='bbox 584 1253 714 1294; x_wconf 84' lang='lat' dir='ltr'>gloriae.</span> <span class='ocrx_word' id='word_1_103' title='bbox 914 1250 1089 1280; x_wconf 73' lang='lat' dir='ltr'>Aeternum</span> <span class='ocrx_word' id='word_1_104' title='bbox 1115 1246 1164 1277; x_wconf 87' lang='lat' dir='ltr'>his</span> <span class='ocrx_word' id='word_1_105' title='bbox 1191 1245 1356 1277; x_wconf 82' lang='lat' dir='ltr'>auxilium.</span> 
     </span>
    </p>
   </div>
   <div class='ocr_carea' id='block_1_7' title="bbox 574 1345 1124 1529">
    <p class='ocr_par' dir='ltr' id='par_1_9' title="bbox 574 1345 1124 1529">
     <span class='ocr_line' id='line_1_18' title="bbox 574 1345 980 1384; baseline -0.017 -3"><span class='ocrx_word' id='word_1_106' title='bbox 574 1353 603 1382; x_wconf 85' lang='lat'>5.</span> <span class='ocrx_word' id='word_1_107' title='bbox 632 1348 680 1380; x_wconf 88' lang='lat' dir='ltr'>Sit</span> <span class='ocrx_word' id='word_1_108' title='bbox 705 1346 844 1378; x_wconf 84' lang='lat' dir='ltr'>trinitati</span> <span class='ocrx_word' id='word_1_109' title='bbox 871 1345 980 1384; x_wconf 80' lang='lat' dir='ltr'>gloria,</span> 
     </span>
     <span class='ocr_line' id='line_1_19' title="bbox 630 1390 1124 1434; baseline -0.012 -8"><span class='ocrx_word' id='word_1_110' title='bbox 630 1396 678 1427; x_wconf 90' lang='lat' dir='ltr'>Sit</span> <span class='ocrx_word' id='word_1_111' title='bbox 705 1395 817 1434; x_wconf 79' lang='lat' dir='ltr'>honor,</span> <span class='ocrx_word' id='word_1_112' title='bbox 845 1394 885 1424; x_wconf 90' lang='lat' dir='ltr'>sit</span> <span class='ocrx_word' id='word_1_113' title='bbox 911 1393 980 1423; x_wconf 90' lang='lat' dir='ltr'>laus</span> <span class='ocrx_word' id='word_1_114' title='bbox 1005 1390 1124 1431; x_wconf 81' lang='lat' dir='ltr'>debita,</span> 
     </span>
     <span class='ocr_line' id='line_1_20' title="bbox 628 1439 1036 1482; baseline -0.01 -8"><span class='ocrx_word' id='word_1_115' title='bbox 628 1443 795 1482; x_wconf 77' lang='lat' dir='ltr'>Nobisque</span> <span class='ocrx_word' id='word_1_116' title='bbox 823 1441 917 1473; x_wconf 89' lang='lat' dir='ltr'>detur</span> <span class='ocrx_word' id='word_1_117' title='bbox 944 1439 1036 1470; x_wconf 85' lang='lat' dir='ltr'>venia</span> 
     </span>
     <span class='ocr_line' id='line_1_21' title="bbox 629 1486 1117 1529; baseline -0.012 -7"><span class='ocrx_word' id='word_1_118' title='bbox 629 1491 721 1522; x_wconf 67' lang='lat' dir='ltr'>Nunc</span> <span class='ocrx_word' id='word_1_119' title='bbox 748 1498 806 1529; x_wconf 89' lang='lat' dir='ltr'>per</span> <span class='ocrx_word' id='word_1_120' title='bbox 832 1488 966 1521; x_wconf 82' lang='lat' dir='ltr'>Maximi</span> <span class='ocrx_word' id='word_1_121' title='bbox 993 1486 1117 1517; x_wconf 83' lang='lat' dir='ltr'>merita.</span> 
     </span>
    </p>
   </div>
   <div class='ocr_carea' id='block_1_8' title="bbox 254 1578 1319 1617">
    <p class='ocr_par' dir='ltr' id='par_1_10' title="bbox 254 1578 1319 1617">
     <span class='ocr_line' id='line_1_22' title="bbox 254 1578 1319 1617; baseline -0.011 0"><span class='ocrx_word' id='word_1_122' title='bbox 254 1592 335 1617; x_wconf 78' lang='lat' dir='ltr'>Brev.</span> <span class='ocrx_word' id='word_1_123' title='bbox 358 1598 409 1615; x_wconf 58' lang='grc' dir='ltr'>ως.</span> <span class='ocrx_word' id='word_1_124' title='bbox 434 1588 563 1615; x_wconf 67' lang='lat' dir='ltr'>cavense</span> <span class='ocrx_word' id='word_1_125' title='bbox 582 1588 650 1614; x_wconf 83' lang='lat' dir='ltr'>anni</span> <span class='ocrx_word' id='word_1_126' title='bbox 675 1584 754 1613; x_wconf 71' lang='lat'>1308.</span> <span class='ocrx_word' id='word_1_127' title='bbox 778 1585 847 1612; x_wconf 89' lang='lat' dir='ltr'>Cod.</span> <span class='ocrx_word' id='word_1_128' title='bbox 869 1584 1044 1612; x_wconf 67' lang='lat' dir='ltr'>Casanaten.</span> <span class='ocrx_word' id='word_1_129' title='bbox 1067 1581 1089 1608; x_wconf 91' lang='lat' dir='ltr'>C</span> <span class='ocrx_word' id='word_1_130' title='bbox 1110 1582 1154 1608; x_wconf 87' lang='grc' dir='ltr'>ΙΙΙ</span> <span class='ocrx_word' id='word_1_131' title='bbox 1176 1579 1192 1607; x_wconf 79' lang='grc'>2</span> <span class='ocrx_word' id='word_1_132' title='bbox 1213 1578 1319 1612; x_wconf 76' lang='lat'>(1575).</span> 
     </span>
    </p>
   </div>
   <div class='ocr_carea' id='block_1_9' title="bbox 613 1751 1062 1786">
    <p class='ocr_par' dir='ltr' id='par_1_11' title="bbox 613 1751 1062 1786">
     <span class='ocr_line' id='line_1_23' title="bbox 613 1751 1062 1786; baseline -0.007 -1"><span class='ocrx_word' id='word_1_133' title='bbox 613 1755 681 1786; x_wconf 77' lang='grc'>426.</span> <span class='ocrx_word' id='word_1_134' title='bbox 723 1755 762 1785; x_wconf 89' lang='lat' dir='ltr'>De</span> <span class='ocrx_word' id='word_1_135' title='bbox 785 1755 892 1784; x_wconf 79' lang='lat' dir='ltr'>sancto</span> <span class='ocrx_word' id='word_1_136' title='bbox 915 1751 1062 1783; x_wconf 74' lang='lat' dir='ltr'>Memmio.</span> 
     </span>
    </p>
   </div>
   <div class='ocr_carea' id='block_1_10' title="bbox 206 1839 1479 2462">
    <p class='ocr_par' dir='ltr' id='par_1_12' title="bbox 206 1839 1454 1933">
     <span class='ocr_line' id='line_1_24' title="bbox 206 1839 1454 1882; baseline -0.009 -1"><span class='ocrx_word' id='word_1_137' title='bbox 206 1876 212 1882; x_wconf 94' lang='lat'>.</span> <span class='ocrx_word' id='word_1_138' title='bbox 241 1851 393 1881; x_wconf 82' lang='lat' dir='ltr'>Laetetur</span> <span class='ocrx_word' id='word_1_139' title='bbox 419 1847 494 1878; x_wconf 89' lang='lat' dir='ltr'>urbs</span> <span class='ocrx_word' id='word_1_140' title='bbox 520 1845 692 1877; x_wconf 86' lang='lat' dir='ltr'>sollemniis</span> <span class='ocrx_word' id='word_1_141' title='bbox 865 1845 896 1877; x_wconf 86' lang='lat'>4.</span> <span class='ocrx_word' id='word_1_142' title='bbox 922 1843 981 1874; x_wconf 85' lang='lat' dir='ltr'>Est</span> <span class='ocrx_word' id='word_1_143' title='bbox 1007 1841 1124 1874; x_wconf 87' lang='lat' dir='ltr'>Nauda</span> <span class='ocrx_word' id='word_1_144' title='bbox 1150 1839 1221 1872; x_wconf 84' lang='lat' dir='ltr'>fons</span> <span class='ocrx_word' id='word_1_145' title='bbox 1248 1841 1280 1872; x_wconf 93' lang='lat' dir='ltr'>in</span> <span class='ocrx_word' id='word_1_146' title='bbox 1307 1840 1454 1879; x_wconf 82' lang='lat' dir='ltr'>proximo</span> 
     </span>
     <span class='ocr_line' id='line_1_25' title="bbox 245 1888 1347 1933; baseline -0.008 -5"><span class='ocrx_word' id='word_1_147' title='bbox 245 1897 361 1929; x_wconf 80' lang='lat' dir='ltr'>Christi</span> <span class='ocrx_word' id='word_1_148' title='bbox 387 1895 503 1926; x_wconf 85' lang='lat' dir='ltr'>sacrati</span> <span class='ocrx_word' id='word_1_149' title='bbox 529 1893 696 1933; x_wconf 72' lang='lat' dir='ltr'>praesulis,</span> <span class='ocrx_word' id='word_1_150' title='bbox 924 1890 1023 1922; x_wconf 86' lang='lat' dir='ltr'>Urbis</span> <span class='ocrx_word' id='word_1_151' title='bbox 1050 1889 1153 1920; x_wconf 85' lang='lat' dir='ltr'>dictus</span> <span class='ocrx_word' id='word_1_152' title='bbox 1179 1888 1347 1927; x_wconf 78' lang='lat' dir='ltr'>vocabulo,</span> 
     </span>
    </p>

    <p class='ocr_par' dir='ltr' id='par_1_13' title="bbox 241 1936 1427 2032">
     <span class='ocr_line' id='line_1_26' title="bbox 242 1936 1427 1981; baseline -0.008 -5"><span class='ocrx_word' id='word_1_153' title='bbox 242 1946 292 1977; x_wconf 86' lang='lat' dir='ltr'>Ex</span> <span class='ocrx_word' id='word_1_154' title='bbox 318 1944 396 1975; x_wconf 89' lang='lat' dir='ltr'>urbe</span> <span class='ocrx_word' id='word_1_155' title='bbox 422 1943 523 1974; x_wconf 84' lang='lat' dir='ltr'>Roma</span> <span class='ocrx_word' id='word_1_156' title='bbox 548 1941 646 1981; x_wconf 86' lang='lat' dir='ltr'>geniti</span> <span class='ocrx_word' id='word_1_157' title='bbox 925 1939 962 1970; x_wconf 89' lang='lat' dir='ltr'>In</span> <span class='ocrx_word' id='word_1_158' title='bbox 989 1947 1050 1977; x_wconf 89' lang='lat' dir='ltr'>quo</span> <span class='ocrx_word' id='word_1_159' title='bbox 1075 1946 1165 1977; x_wconf 77' lang='lat' dir='ltr'>puer,</span> <span class='ocrx_word' id='word_1_160' title='bbox 1195 1936 1269 1967; x_wconf 91' lang='lat' dir='ltr'>dum</span> <span class='ocrx_word' id='word_1_161' title='bbox 1296 1936 1427 1974; x_wconf 78' lang='lat' dir='ltr'>decidit,</span> 
     </span>
     <span class='ocr_line' id='line_1_27' title="bbox 241 1984 1374 2032; baseline -0.007 -8"><span class='ocrx_word' id='word_1_162' title='bbox 241 1993 422 2032; x_wconf 88' lang='lat' dir='ltr'>Summique</span> <span class='ocrx_word' id='word_1_163' title='bbox 448 1991 549 2030; x_wconf 86' lang='lat' dir='ltr'>patris</span> <span class='ocrx_word' id='word_1_164' title='bbox 575 1988 729 2020; x_wconf 86' lang='lat' dir='ltr'>Memmii.</span> <span class='ocrx_word' id='word_1_165' title='bbox 926 1985 1067 2017; x_wconf 77' lang='lat' dir='ltr'>Funesta</span> <span class='ocrx_word' id='word_1_166' title='bbox 1093 1985 1204 2016; x_wconf 85' lang='lat' dir='ltr'>mortis</span> <span class='ocrx_word' id='word_1_167' title='bbox 1230 1984 1374 2024; x_wconf 85' lang='lat' dir='ltr'>pertulit.</span> 
     </span>
    </p>

    <p class='ocr_par' dir='ltr' id='par_1_14' title="bbox 207 2080 1479 2271">
     <span class='ocr_line' id='line_1_28' title="bbox 207 2080 1376 2121; baseline -0.009 -1"><span class='ocrx_word' id='word_1_168' title='bbox 207 2117 212 2121; x_wconf 89' lang='lat'>.</span> <span class='ocrx_word' id='word_1_169' title='bbox 240 2090 337 2120; x_wconf 86' lang='lat' dir='ltr'>Petro</span> <span class='ocrx_word' id='word_1_170' title='bbox 363 2086 491 2118; x_wconf 84' lang='lat' dir='ltr'>iubente</span> <span class='ocrx_word' id='word_1_171' title='bbox 517 2085 639 2117; x_wconf 86' lang='lat' dir='ltr'>Gallias</span> <span class='ocrx_word' id='word_1_172' title='bbox 868 2084 901 2114; x_wconf 85' lang='lat'>5.</span> <span class='ocrx_word' id='word_1_173' title='bbox 925 2081 1027 2112; x_wconf 87' lang='lat' dir='ltr'>Huius</span> <span class='ocrx_word' id='word_1_174' title='bbox 1053 2086 1203 2120; x_wconf 82' lang='lat' dir='ltr'>parentes</span> <span class='ocrx_word' id='word_1_175' title='bbox 1230 2080 1376 2120; x_wconf 85' lang='lat' dir='ltr'>protinus</span> 
     </span>
     <span class='ocr_line' id='line_1_29' title="bbox 241 2126 1446 2168; baseline -0.007 -1"><span class='ocrx_word' id='word_1_176' title='bbox 241 2136 334 2168; x_wconf 84' lang='lat' dir='ltr'>Adiit</span> <span class='ocrx_word' id='word_1_177' title='bbox 359 2135 411 2166; x_wconf 85' lang='lat' dir='ltr'>hic</span> <span class='ocrx_word' id='word_1_178' title='bbox 437 2133 592 2165; x_wconf 87' lang='lat' dir='ltr'>fanaticas</span> <span class='ocrx_word' id='word_1_179' title='bbox 926 2128 1038 2160; x_wconf 87' lang='lat' dir='ltr'>Multis</span> <span class='ocrx_word' id='word_1_180' title='bbox 1064 2132 1196 2159; x_wconf 88' lang='lat' dir='ltr'>currunt</span> <span class='ocrx_word' id='word_1_181' title='bbox 1222 2137 1293 2159; x_wconf 85' lang='lat' dir='ltr'>cum</span> <span class='ocrx_word' id='word_1_182' title='bbox 1318 2126 1446 2160; x_wconf 86' lang='lat' dir='ltr'>fletibus</span> 
     </span>
     <span class='ocr_line' id='line_1_30' title="bbox 242 2176 1479 2220; baseline -0.007 -4"><span class='ocrx_word' id='word_1_183' title='bbox 242 2184 285 2216; x_wconf 89' lang='lat' dir='ltr'>Et</span> <span class='ocrx_word' id='word_1_184' title='bbox 311 2183 515 2215; x_wconf 80' lang='lat' dir='ltr'>Cathalaunis</span> <span class='ocrx_word' id='word_1_185' title='bbox 544 2179 668 2220; x_wconf 88' lang='lat' dir='ltr'>perfida</span> <span class='ocrx_word' id='word_1_186' title='bbox 928 2176 1078 2208; x_wconf 85' lang='lat' dir='ltr'>Sanctum</span> <span class='ocrx_word' id='word_1_187' title='bbox 1105 2180 1255 2217; x_wconf 86' lang='lat' dir='ltr'>rogantes</span> <span class='ocrx_word' id='word_1_188' title='bbox 1280 2176 1479 2217; x_wconf 85' lang='lat' dir='ltr'>Memmium,</span> 
     </span>
     <span class='ocr_line' id='line_1_31' title="bbox 245 2225 1408 2271; baseline -0.008 -7"><span class='ocrx_word' id='word_1_189' title='bbox 245 2231 297 2264; x_wconf 86' lang='lat' dir='ltr'>Sic</span> <span class='ocrx_word' id='word_1_190' title='bbox 322 2231 478 2271; x_wconf 81' lang='lat' dir='ltr'>expetivit</span> <span class='ocrx_word' id='word_1_191' title='bbox 503 2228 635 2260; x_wconf 82' lang='lat' dir='ltr'>moenia.</span> <span class='ocrx_word' id='word_1_192' title='bbox 928 2225 1019 2264; x_wconf 83' lang='lat' dir='ltr'>Quod</span> <span class='ocrx_word' id='word_1_193' title='bbox 1045 2225 1214 2256; x_wconf 86' lang='lat' dir='ltr'>suscitaret</span> <span class='ocrx_word' id='word_1_194' title='bbox 1239 2229 1408 2259; x_wconf 78' lang='lat' dir='ltr'>mortuum.</span> 
     </span>
    </p>

    <p class='ocr_par' dir='ltr' id='par_1_15' title="bbox 209 2319 1394 2462">
     <span class='ocr_line' id='line_1_32' title="bbox 209 2319 1374 2366; baseline -0.006 -6"><span class='ocrx_word' id='word_1_195' title='bbox 209 2356 214 2361; x_wconf 92' lang='lat'>.</span> <span class='ocrx_word' id='word_1_196' title='bbox 244 2328 316 2359; x_wconf 78' lang='lat' dir='ltr'>Illic</span> <span class='ocrx_word' id='word_1_197' title='bbox 342 2330 449 2358; x_wconf 86' lang='lat' dir='ltr'>coetus</span> <span class='ocrx_word' id='word_1_198' title='bbox 475 2324 639 2366; x_wconf 85' lang='lat' dir='ltr'>gentilium</span> <span class='ocrx_word' id='word_1_199' title='bbox 871 2322 901 2353; x_wconf 89' lang='lat'>6.</span> <span class='ocrx_word' id='word_1_200' title='bbox 931 2319 1075 2353; x_wconf 88' lang='lat' dir='ltr'>Confisus</span> <span class='ocrx_word' id='word_1_201' title='bbox 1101 2321 1153 2352; x_wconf 92' lang='lat' dir='ltr'>hic</span> <span class='ocrx_word' id='word_1_202' title='bbox 1175 2321 1209 2352; x_wconf 87' lang='lat' dir='ltr'>in</span> <span class='ocrx_word' id='word_1_203' title='bbox 1235 2320 1374 2353; x_wconf 90' lang='lat' dir='ltr'>Domino</span> 
     </span>
     <span class='ocr_line' id='line_1_33' title="bbox 245 2367 1394 2415; baseline -0.005 -8"><span class='ocrx_word' id='word_1_204' title='bbox 245 2377 363 2415; x_wconf 84' lang='lat' dir='ltr'>Regem</span> <span class='ocrx_word' id='word_1_205' title='bbox 390 2373 563 2414; x_wconf 87' lang='lat' dir='ltr'>spernebat</span> <span class='ocrx_word' id='word_1_206' title='bbox 585 2371 723 2404; x_wconf 90' lang='lat' dir='ltr'>omnium</span> <span class='ocrx_word' id='word_1_207' title='bbox 929 2368 1047 2400; x_wconf 86' lang='lat' dir='ltr'>Preces</span> <span class='ocrx_word' id='word_1_208' title='bbox 1075 2367 1181 2400; x_wconf 82' lang='lat' dir='ltr'>fundit</span> <span class='ocrx_word' id='word_1_209' title='bbox 1207 2377 1247 2401; x_wconf 82' lang='lat' dir='ltr'>ex</span> <span class='ocrx_word' id='word_1_210' title='bbox 1271 2369 1394 2412; x_wconf 86' lang='lat' dir='ltr'>intimo,</span> 
     </span>
     <span class='ocr_line' id='line_1_34' title="bbox 246 2417 1339 2462; baseline -0.006 -7"><span class='ocrx_word' id='word_1_211' title='bbox 246 2424 288 2456; x_wconf 89' lang='lat' dir='ltr'>Et</span> <span class='ocrx_word' id='word_1_212' title='bbox 316 2422 495 2462; x_wconf 87' lang='lat' dir='ltr'>repellebat</span> <span class='ocrx_word' id='word_1_213' title='bbox 521 2420 628 2454; x_wconf 88' lang='lat' dir='ltr'>dulcia</span> <span class='ocrx_word' id='word_1_214' title='bbox 932 2417 977 2450; x_wconf 85' lang='lat' dir='ltr'>Ut</span> <span class='ocrx_word' id='word_1_215' title='bbox 1002 2418 1034 2448; x_wconf 91' lang='lat' dir='ltr'>in</span> <span class='ocrx_word' id='word_1_216' title='bbox 1060 2417 1196 2449; x_wconf 84' lang='lat' dir='ltr'>salutem</span> <span class='ocrx_word' id='word_1_217' title='bbox 1223 2418 1339 2449; x_wconf 83' lang='lat' dir='ltr'>civium</span> 
     </span>
    </p>
   </div>
   <div class='ocr_carea' id='block_1_11' title="bbox 250 2465 1416 2510">
    <p class='ocr_par' dir='ltr' id='par_1_16' title="bbox 250 2465 1416 2510">
     <span class='ocr_line' id='line_1_35' title="bbox 250 2465 1416 2510; baseline -0.003 -7"><span class='ocrx_word' id='word_1_218' title='bbox 250 2471 358 2503; x_wconf 89' lang='lat' dir='ltr'>Divini</span> <span class='ocrx_word' id='word_1_219' title='bbox 384 2470 473 2502; x_wconf 92' lang='lat' dir='ltr'>verbi</span> <span class='ocrx_word' id='word_1_220' title='bbox 501 2470 659 2510; x_wconf 86' lang='lat' dir='ltr'>dogmata.</span> <span class='ocrx_word' id='word_1_221' title='bbox 932 2465 1026 2497; x_wconf 83' lang='lat' dir='ltr'>Hunc</span> <span class='ocrx_word' id='word_1_222' title='bbox 1049 2466 1219 2498; x_wconf 82' lang='lat' dir='ltr'>suscitaret</span> <span class='ocrx_word' id='word_1_223' title='bbox 1245 2470 1416 2500; x_wconf 84' lang='lat' dir='ltr'>mortuum.</span> 
     </span>
    </p>
   </div>
  </div>
 </body>
</html>
