1653 2656
177 369 208 402 1.

194 1439 201 1446 .
228 1413 399 1445 Eustachii
426 1414 646 1446 collaudemus

706 121 755 146 —‚
802 100 870 136 135
921 120 965 125 -

594 214 662 246 228.
704 214 748 246 De
768 216 878 246 saneto
898 214 1079 246 Eustachio.

681 285 721 312 In
751 283 774 312 l.
801 285 991 321 Vesperis.

234 370 427 410 Adplaudat
454 371 547 411 plebs
572 372 726 412 fidelium,

237 417 300 449 Dei
327 419 489 451 collaudet
517 419 628 459 filium,

236 466 296 505 Qui
324 466 452 499 beatum
479 468 691 501 Eustachium

235 515 340 547 Vocat
365 516 406 547 ad
435 517 514 548 caeli
541 517 666 550 solium.

869 375 900 406 4.
928 373 1048 413 Regem
1075 373 1186 404 laudat
1212 373 1407 409 caelestium,

927 421 1054 453 Cultum
1081 422 1211 453 damnat
1239 422 1413 462 gentilium,

929 469 989 500 Vir
1014 474 1044 500 et
1071 479 1190 509 sponsa
1217 479 1285 501 cum
1312 469 1386 501 filiis

927 518 1142 557 Exponuntur
1168 518 1346 558 suppliciis.

199 636 206 643 .
233 610 331 642 Dolet
357 620 467 643 amore
493 612 568 644 filiis
867 616 899 647 5.
928 615 1060 646 Aeterni
1089 614 1148 646 Dei
1176 614 1260 646 filius

232 658 397 699 Spoliatus
425 661 561 702 eximiis,

228 706 359 747 Martyr
385 708 471 739 subit
500 708 648 740 exsilium

232 755 340 788 Solum
370 757 555 796 relinquens
582 757 760 797 proprium.

925 663 1017 694 Assit
1042 662 1134 694 nobis
1162 663 1332 703 propitius,

928 710 994 741 Nos
1020 711 1188 742 Eustachii
1215 711 1365 750 precibus

927 757 1089 790 Defendat
1118 769 1135 790 a
1162 759 1361 791 nocentibus.

194 877 202 885 .
228 851 365 884 Demum
392 853 518 884 volente
546 853 684 885 Domino
867 856 898 887 6.
926 855 994 886 Deo
1021 855 1104 895 patri
1133 855 1174 885 sit
1200 856 1312 894 gloria,

229 901 375 933 Functus
402 901 523 933 honore
550 902 688 941 pristino

231 948 361 981 Gaudet
387 958 487 981 uxore
514 950 647 989 propria

228 997 372 1037 Reperta
399 1006 469 1029 cum
494 1000 658 1038 prosapia.

925 903 984 942 Qui
1010 903 1198 934 moderatur
1224 904 1341 935 omnia.

925 951 1067 991 Eiusque
1094 951 1153 982 soli
1181 952 1287 991 genito

927 999 1005 1030 Cum
1031 999 1148 1038 spiritu
1176 1000 1343 1038 paraclito.

245 1093 331 1120 Brev.
356 1093 570 1120 Lemovicense
593 1094 662 1128 imp.
687 1094 856 1120 Lemovicis
881 1092 963 1120 1495.
986 1108 1021 1112 —-
1046 1093 1070 1126 l,
1092 1092 1109 1120 3
1131 1094 1335 1121 Eustochium.

585 1254 653 1285 229.
696 1254 738 1284 De
760 1256 868 1286 sancto
890 1255 1075 1286 Eustachio.

694 1326 734 1352 In
761 1325 972 1353 Laudibus.

866 1417 897 1448 4.
930 1415 1092 1447 Christum
1120 1415 1257 1454 supplex
1287 1415 1479 1455 deprecatur

280 1461 440 1493 Virtutum
467 1462 686 1502 praeconium,

229 1510 346 1543 Cordis
374 1511 403 1541 ei
430 1514 674 1550 praesentemus

276 1559 319 1590 Et
346 1560 412 1590 oris
438 1559 638 1599 obsequium,

229 1607 273 1640 Ut
299 1607 342 1639 ad
369 1608 438 1639 eius
464 1612 670 1647 penetremus

280 1656 415 1688 Beatum
443 1656 650 1689 consortium.

166 1753 202 1786 2.
231 1752 354 1785 Christi
381 1762 493 1785 servus
518 1753 703 1793 baptizatur

278 1801 356 1834 Cum
383 1810 484 1833 uxore
510 1802 656 1842 propria,

231 1849 300 1882 Nec
326 1850 367 1882 ab
394 1859 432 1882 eo
458 1854 630 1890 separatur

281 1899 400 1931 Inclita
425 1899 590 1939 prosapia,

226 1947 330 1980 Deum
361 1948 485 1988 laudat,
513 1947 693 1980 detestatur

278 1995 458 2028 Simulacra
486 1997 593 2029 noxia.

169 2094 201 2128 ,ΕΟ

229 2094 413 2134 Imperator
438 2094 583 2134 agitatur

275 2142 406 2175 Doloris
432 2143 556 2183 aculeo,

224 2191 355 2231 Martyr
381 2200 452 2223 cum
479 2193 545 2223 suis
576 2192 748 2224 damnatur

277 2240 365 2272 Bove
391 2240 520 2272 clausus
545 2249 652 2278 aereo,

225 2288 271 2322 Ut
298 2287 426 2320 fervore
453 2292 670 2329 consumatur,

274 2337 460 2378 Exponitur
486 2337 594 2378 igneo.

973 1464 1143 1496 Postulans
1170 1463 1335 1501 auxilium,

925 1512 991 1543 Ros
1019 1512 1196 1554 descendit,
1224 1511 1396 1543 suffocatur

975 1560 1158 1593 Subiectum
1186 1560 1380 1599 incendium,

928 1608 999 1641 Stat
1024 1609 1167 1646 illaesus,
1195 1613 1427 1648 concrematur,

976 1657 1181 1689 Consummat
1208 1658 1408 1697 martyrium.

892 1779 900 1787 .
926 1754 1055 1794 Martyr
1082 1755 1146 1794 pie,
1173 1755 1304 1794 pietatis

975 1803 1062 1835 Mira
1090 1812 1228 1834 vernans
1255 1803 1368 1844 gratia,

927 1852 1005 1884 Post
1032 1855 1140 1883 tantae
1168 1852 1361 1883 calamitatis

976 1901 1161 1932 Praesentis
1189 1900 1360 1940 dispendia

930 1949 984 1980 Ad
1012 1958 1170 1991 supernae
1198 1949 1355 1980 claritatis

976 1997 1043 2029 Nos
1071 1998 1170 2029 ducas
1198 1997 1331 2037 palatia.

894 2119 902 2127 .
929 2094 977 2126 Sit
1005 2094 1074 2126 laus
1101 2103 1224 2125 summo
1250 2094 1398 2134 genitori,

978 2143 1117 2174 Perenni
1143 2143 1297 2182 ingenito,

927 2191 1000 2223 Una
1027 2191 1156 2223 Christo
1182 2191 1393 2231 redemptori,

980 2239 1086 2271 Patris
1112 2239 1286 2279 unigenito,

929 2287 992 2319 Par
1019 2287 1116 2319 decus
1144 2288 1348 2330 consolatori,

976 2336 1094 2368 Inclito
1123 2337 1293 2377 paraclito.

240 2434 330 2462 Brev.
352 2434 568 2461 Lemovicense
590 2434 658 2469 imp.
683 2434 851 2460 Lemovicis
875 2430 958 2460 1495.
