1653 2656
680 130 942 165 -173—

549 262 616 294 296.
658 262 700 294 De
721 264 834 295 sancta
855 261 1062 295 Hermelinde.

145 351 175 382 1.
204 349 311 383 Nobis
338 353 496 384 ascendat
521 362 662 394 propere
844 356 876 388 3.
904 354 991 394 Quae
1017 355 1165 387 castitate
1191 353 1302 387 floruit

206 400 338 432 Aurora
363 400 446 432 lucis
473 402 616 442 praevia,
906 403 1025 435 Parens
1052 403 1256 435 oboedientia

203 447 274 479 Nos
299 449 438 480 creatori
465 450 607 489 psallere
900 452 1008 491 Atque
1036 452 1196 484 desertum
1227 452 1326 483 coluit

210 495 328 528 Creata
355 504 484 528 monent
511 502 629 530 omnia.
905 501 939 531 ln
967 499 1048 531 mira
1074 499 1279 532 abstinentia.

145 584 176 616 2.
207 581 259 614 Da
285 591 408 614 merum
437 583 557 615 Christi
585 584 749 624 gaudium,
844 587 876 620 4.
905 585 1067 627 sepultam
1096 595 1114 617 a
1140 586 1323 627 caeligenis,

205 630 368 671 Absterge
394 635 511 663 cuncta
537 633 626 671 vitia,
906 634 1079 666 Fruentem
1107 634 1187 665 caeli
1215 634 1327 674 gloria,

203 679 264 719 Qui
299 679 357 711 das
384 679 569 712 Hermlindi
604 682 782 721 praemium
905 682 1047 714 Laudari
1073 692 1092 714 a
1118 682 1289 722 terrigenis

207 727 372 766 Quaterna
398 729 608 768 paenitentia.
905 730 1043 762 Diversa
1071 731 1147 762 dant
1173 730 1320 770 insignia.

493 818 523 848 5.
553 816 602 848 Sit
629 815 699 847 laus
726 816 830 848 trinae
856 816 985 857 unitati,

555 864 678 903 Honor,
706 864 821 903 virtus,
851 864 998 906 victoria,

552 912 663 944 Omnis
692 910 765 944 faex
793 912 887 943 cedat
914 913 1036 952 peccati

554 959 755 991 Hermlindis
783 969 913 1000 precum
941 961 1055 1000 gratia.

215 1045 296 1072 Orat.
318 1054 372 1072 ms.
395 1045 495 1073 Carth.
518 1045 671 1072 Colonieu.
694 1054 770 1071 saec.
796 1044 838 1071 15.
861 1045 932 1071 Cod.
956 1045 1109 1073 colonien.
1132 1044 1176 1072 28.
1200 1060 1234 1063 -
1256 1043 1282 1077 2,
1304 1044 1322 1072 3
1346 1047 1470 1073 Herme-

137 1083 221 1110 lindi.
244 1100 279 1103 —
302 1083 327 1117 5,
350 1082 369 1110 4
391 1084 605 1111 Hermelindis.

570 1216 637 1247 297.
679 1214 722 1246 De
745 1218 852 1247 sancto
875 1215 1040 1256 Hidulpho.

664 1286 715 1313 Ad
744 1287 946 1322 vesperas.

370 1376 401 1409 1.
429 1375 630 1415 Hymnorum
657 1374 798 1406 Domino
825 1374 969 1405 carmina
996 1373 1136 1413 digniter

431 1423 591 1455 Concordi
618 1422 718 1454 iubilo
745 1422 853 1454 contio
879 1426 1041 1462 personet,

428 1472 534 1504 Huius
561 1480 630 1502 cum
658 1471 786 1502 revehit
811 1471 966 1511 temporis
993 1470 1097 1501 orbita

430 1519 590 1561 Hidulphi
614 1519 738 1551 meritis
765 1528 870 1550 annua
897 1519 1024 1559 gaudia.

367 1608 398 1639 2.
427 1607 489 1638 Hic
515 1607 653 1647 primum
682 1607 804 1647 placuit
830 1615 972 1637 summus
999 1606 1181 1646 episcopus,

425 1655 478 1687 Ad
506 1655 625 1687 cultum
651 1654 780 1687 Domini
807 1664 866 1695 pro
893 1663 989 1696 grege
1016 1653 1181 1693 fervidus3

427 1704 602 1744 Postquam
631 1704 692 1735 rite
720 1704 776 1735 diu
801 1703 943 1736 moribus
969 1703 1090 1735 inclitis

427 1752 548 1785 Urbem
575 1752 783 1785 'trevericam
812 1752 896 1784 rexit
922 1756 954 1783 et
980 1751 1106 1789 extulit,

363 1841 395 1873 3.
422 1840 561 1873 Ardenti
589 1839 697 1871 studio
725 1843 838 1881 pastor
864 1839 905 1871 ad
933 1839 1079 1870 ultimum

421 1889 593 1921 Desertum
618 1892 730 1928 petere
756 1888 881 1920 censuit
906 1888 1073 1928 optimum,

421 1940 491 1978 Quo
517 1937 628 1968 mundi
652 1936 778 1977 fugiens
805 1937 931 1978 respuit
957 1937 1074 1975 omnia,

420 1987 531 2025 Totus,
560 1984 699 2022 Christe,
728 1985 787 2018 tibi
814 1986 887 2017 viva
913 1984 950 2016 fit
976 1985 1088 2016 hostia.

358 2076 391 2108 4.
420 2076 487 2107 Iam
516 2073 595 2106 felix
624 2073 742 2105 frueris
768 2072 930 2105 sideribus
957 2073 1035 2112 poli,

419 2123 474 2156 Ad
500 2132 558 2155 nos
585 2123 752 2163 respicias,
780 2121 909 2162 praesul
936 2120 1096 2159 amabilis,

419 2172 470 2204 Ac
496 2180 555 2212 per
581 2175 612 2203 te
639 2172 771 2212 laqueos
797 2170 878 2202 ordo
905 2169 1100 2201 monasticus

420 2220 561 2259 Evadat,
586 2219 729 2260 propriis
755 2219 808 2259 qui
837 2219 901 2249 ruit
927 2217 1063 2250 actibus.

359 2310 392 2341 5.
420 2307 504 2339 Olim
530 2306 688 2338 sollicitus
715 2315 775 2346 pro
801 2313 898 2347 grege
922 2304 1047 2337 credito

418 2355 542 2388 Orabas
570 2354 741 2387 Dominum
766 2359 912 2394 tempore
939 2362 1091 2394 congruo,

417 2403 512 2435 Nunc
537 2406 643 2435 autem
669 2402 754 2436 facie
779 2403 822 2436 ad
849 2401 964 2434 faciem
992 2402 1094 2441 vides,

420 2451 524 2485 Nobis
548 2455 583 2484 ut
609 2453 747 2494 veniam,
775 2451 947 2493 poscimus,
974 2451 1138 2491 impetres,
