1653 2656
679 136 936 171 —272-

527 279 594 309 456.
635 278 677 309 De
699 286 722 307 s.
743 276 886 317 Philippo
907 274 1085 315 Argirione.

643 348 693 375 Ad
723 346 746 374 1.
775 347 976 382 Vesperas.

442 447 471 478 1.
499 445 533 477 Si
562 443 753 476 confessoris
779 442 860 474 tanti
886 442 1071 473 meritorum

499 493 626 524 Laudes
653 492 785 523 velimus
815 498 955 530 pangere
981 498 1123 529 sonoras⁷

501 541 578 572 Eius
605 549 754 572 canamus
781 538 903 579 gratiae
930 537 1125 578 triumphum

615 588 718 620 Corde
744 586 884 619 contriti.

440 696 469 726 [ὁ

498 695 638 726 Aureum
666 698 824 732 tamquam
850 693 938 724 sidus
964 692 1048 724 inter
1073 696 1160 724 astra.

496 743 599 784 Micat
625 742 760 772 excelsis
785 740 914 772 sedibus
943 741 1099 780 polorum,

498 790 539 821 Et
566 790 597 820 in
624 789 759 820 terrenis
785 789 899 820 merita
926 788 1136 828 resplendent

616 837 724 870 Sancti
752 836 903 876 Philippi.

442 945 471 975 3.
499 943 556 974 Cui
584 943 655 974 dum
683 941 811 973 floreret
836 942 984 973 iuvenilis
1011 946 1109 983 aetas,

499 991 748 1030 Prosper-itatem
775 990 893 1021 saeculi
921 989 1113 1029 perhorrens

501 1038 595 1070 Gazis
621 1047 763 1069 errorum
790 1037 904 1078 opibus
930 1041 1096 1076 parentum

615 1085 832 1118 Renuntiavit.

443 1194 475 1222 4.
501 1190 724 1221 Immaculatus
750 1190 881 1221 Romam
909 1189 1125 1229 proficiscens,

501 1238 697 1269 Sacerdotali
725 1238 890 1277 praeditus
917 1238 1036 1269 honore

501 1286 598 1316 Tomo
621 1290 749 1324 recepto
776 1285 912 1316 mittitur
938 1286 978 1316 ad
1008 1289 1145 1316 montem

614 1333 804 1372 Argirionis.

443 1439 473 1470 5.
501 1438 568 1475 Quo
594 1437 799 1476 pessimorum
828 1438 947 1476 reperit
973 1442 1118 1468 catervas

502 1485 745 1516 Daemouiorum
773 1495 908 1524 corpora
934 1485 1127 1523 laedentum,

503 1532 585 1570 Quos
611 1542 629 1563 a
656 1533 801 1564 cavernis
828 1533 951 1572 expulit
977 1538 1139 1572 petrarum

616 1584 720 1619 Atque
746 1579 879 1620 fugavit.

443 1686 473 1716 6.
501 1685 637 1715 Excelso
669 1685 734 1724 regi
759 1686 843 1724 patri
869 1686 1036 1726 genitoque

501 1733 549 1763 Ac
575 1732 713 1763 radianti
738 1733 864 1773 spiritui
891 1738 1002 1765 sancto

504 1779 615 1811 Gloria
641 1789 781 1817 consors,
809 1781 888 1820 laus,
916 1781 1018 1813 virtus
1045 1791 1177 1823 quoque,

616 1828 726 1858 Honor
751 1828 791 1859 sit
818 1837 944 1868 perpes,

233 1930 352 1957 Collect.
382 1939 433 1957 ms.
462 1931 579 1959 Cardin.
602 1932 637 1959 de
658 1932 687 1959 S.
710 1934 850 1959 Severina
872 1934 941 1960 anni
966 1932 1045 1960 1529.
1069 1936 1137 1962 Cod.
1160 1936 1245 1962 Arch.
1268 1937 1404 1964 Vaticani
1432 1939 1471 1970 X,

156 1965 201 1994 89.
222 1982 258 1985 -
279 1967 305 1999 6,
328 1968 344 1995 ‘2
366 1969 519 1996 radiantis.

534 2120 601 2151 457.
643 2121 683 2151 De
705 2129 728 2151 s.
750 2120 894 2162 Philippo
918 2122 1094 2162 Argirione.

656 2192 705 2218 Ad
732 2192 968 2220 Matutinum.

156 2288 187 2320 1.
215 2286 307 2318 Suam
336 2289 482 2328 cognovit
508 2298 648 2331 uxorem,
841 2292 872 2323 2.
901 2292 1049 2333 Philippo
1075 2293 1103 2324 ei
1128 2295 1233 2335 posito

213 2336 298 2373 Quae
325 2338 468 2376 concepit
496 2342 526 2368 et
553 2339 680 2377 peperit
901 2339 1037 2373 Nomine
1061 2350 1116 2373 suo
1142 2344 1274 2384 proprio

213 2383 340 2421 Filium,
368 2385 428 2416 Dei
456 2386 607 2426 vigorem,
898 2389 992 2420 Anno
1019 2391 1177 2430 completo
1203 2393 1341 2432 septimo

215 2432 250 2463 In
277 2442 337 2471 quo
363 2433 497 2473 gratiam
523 2434 677 2474 repperit.
900 2436 1039 2469 Tonsum
1065 2443 1168 2472 matre
1192 2441 1330 2481 reperio.
