1653 2656
752 167 795 171 —
853 147 1019 182 303—

661 287 730 319 509.
774 289 815 320 De
836 291 948 320 saneta
968 289 1105 321 Venera.

729 359 769 385 In
799 358 824 386 1.
851 360 1042 395 Vesperi&

218 442 252 474 1.
278 442 449 475 Fideliwm
476 444 598 477 devotio
916 450 947 481 2.
974 448 1129 481 Adiutrix
1155 449 1191 480 fit
1218 451 1416 489 precantium

278 491 431 527 Celebtet
457 502 516 532 pro
542 495 702 535 martyrio
977 497 1102 528 Prolem
1132 497 1395 533 desiderantium,

275 539 413 572 Sanctae
441 541 575 582 virginis
604 543 759 583 venerae,
977 544 1057 576 Nam
1087 545 1162 578 data
1189 550 1237 577 est
1262 547 1450 585 parentibus

273 588 362 626 Quae
398 598 483 620 nunc
508 590 627 630 gaudet
653 591 685 622 in
712 592 853 625 aethere.
976 594 1039 625 Pro
1066 594 1157 632 prole
1185 594 1445 634 deprecantibus.

599 687 630 718 3.
657 686 746 725 Iesu,
775 696 898 719 corona
924 688 1101 731 viminum,

661 735 721 774 Qui
748 739 841 767 natus
868 744 902 767 es
929 736 968 767 de
996 737 1128 776 virgine,

658 782 794 823 Semper
820 793 882 815 non
909 784 1031 816 habens
1058 786 1237 824 terminum,

661 831 774 863 Gloria
801 831 870 869 tibi,
899 832 1045 864 Domine.

296 924 420 952 Collect.
448 935 501 952 ms.
530 926 560 952 S.
583 926 663 952 Petri
686 927 755 953 Vivi
783 929 964 954 senonensis
991 929 1061 954 anni
1086 927 1167 955 1293.
1208 929 1278 956 Cod.
1301 929 1427 956 Pal-isin.
1451 931 1546 956 Nouv.

216 971 280 998 aeq.
310 961 376 990 311.
407 978 441 982 —
470 964 530 991 Aus
562 965 636 991 eben
664 965 760 992 dieser
790 966 895 999 Quelle
917 968 963 993 in:
996 967 1113 998 Iuillot‚
1141 968 1224 994 Gust.
1254 972 1281 994 et
1311 968 1404 997 Pron.
1437 969 1546 995 Mania:

216 1001 356 1037 „Goffroy
383 1002 418 1029 de
443 1002 588 1034 Courlon,
611 1004 653 1030 Le
681 1004 756 1031 livre
783 1004 834 1031 des
856 1005 996 1040 Reliques
1018 1005 1053 1031 (le
1077 1003 1212 1040 l'abbaye
1234 1006 1269 1033 de
1291 1007 1546 1033 Saint—Piei·re-le-

215 1041 268 1067 Vif
283 1041 319 1067 de
342 1040 443 1068 Sens.“
487 1044 560 1068 sens
586 1039 667 1074 1887,
691 1051 717 1077 p.
743 1040 806 1069 103.
849 1043 908 1069 Der
930 1044 1066 1078 Hymnus
1089 1045 1127 1070 ist
1148 1044 1212 1071 hier
1234 1045 1400 1071 irrtumlieh
1424 1047 1453 1071 in
1476 1047 1546 1072 zwei

213 1078 362 1114 Strophen
390 1088 427 1106 zu
455 1078 473 1106 6
494 1079 596 1106 Zeilen
617 1080 768 1116 abgeteilt.

658 1239 719 1270 510.
763 1240 804 1271 De
826 1242 938 1271 sancta
960 1241 1094 1273 Venera.

738 1311 779 1336 In
807 1311 1013 1339 Laudibus.

211 1395 243 1428 1.
271 1395 370 1434 Deus,
398 1397 452 1436 qui
478 1397 562 1428 inter
589 1402 695 1429 cetera
912 1400 943 1432 2.
971 1400 1058 1431 Tuae
1086 1399 1202 1441 virgini
1230 1402 1375 1433 Venerae

271 1444 503 1476 Miraculorum
530 1454 629 1485 opera
974 1449 1110 1480 Voluisti
1136 1449 1279 1481 tribuere

271 1491 433 1533 Fragilem
462 1492 578 1525 fortem
606 1493 719 1536 efficis,
969 1497 1123 1537 Martyrii
1149 1498 1316 1530 victoriam

270 1540 391 1572 Mirum
419 1550 499 1581 opus
525 1542 662 1583 opificis,
970 1545 1013 1576 Et
1039 1550 1111 1585 post
1140 1551 1299 1578 tormenta
1325 1548 1471 1587 gloriam.

617 1641 647 1672 3.
675 1640 758 1679 Iesu,
788 1649 906 1672 corona
933 1642 1103 1684 virginum,

675 1688 735 1728 Qui
759 1693 854 1720 natus
880 1698 913 1721 es
941 1690 981 1722 de
1008 1691 1142 1731 virgine,

679 1736 815 1777 Semper
842 1741 873 1769 et
899 1742 991 1770 extra
1016 1741 1188 1772 terminum

677 1785 791 1817 Gloria
818 1786 888 1829 tibi,
917 1787 1063 1821 Domine.

283 1879 408 1907 Collect.
437 1889 491 1907 ms.
518 1880 548 1908 S.
576 1879 658 1907 Petri
686 1881 757 1908 Vivi
780 1881 963 1909 Senonensis
991 1885 1062 1910 anni
1095 1882 1177 1912 1293.
1202 1885 1272 1912 Cod.
1298 1885 1423 1913 Parisiu.
1446 1888 1542 1914 Nouv.

202 1926 268 1954 acq.
289 1916 345 1946 311
362 1934 400 1938 —
414 1919 476 1946 Aus
493 1918 624 1956 gleicher
639 1920 758 1954 Quelle:
782 1921 887 1948 luillot
900 1937 937 1941 -—
952 1922 1041 1956 Pron,
1065 1923 1084 1950 1.
1106 1932 1130 1950 e.
1168 1924 1227 1951 Der
1244 1928 1318 1951 erste
1334 1925 1397 1952 Teil
1414 1925 1464 1952 der
1480 1928 1543 1959 Hs„

205 1957 358 1992 „Libellus
388 1958 484 1986 editus
506 1967 595 1995 super
616 1959 750 1993 reliquiis
773 1962 943 1987 sanctorum
967 1966 996 1988 et
1017 1966 1187 1989 sanctarum
1211 1972 1287 1998 qnae
1309 1965 1339 1990 in
1361 1967 1541 1992 monasterio

201 1996 230 2024 S.
253 1997 332 2024 Petri
353 1998 418 2024 Viri
440 1998 622 2025 Senonensis
651 1998 841 2026 continentur
867 2020 873 2026 .
897 2021 902 2026 .
926 2021 932 2026 .
955 2004 984 2027 et
1004 2001 1039 2028 de
1061 2002 1234 2028 fundatione
1255 2003 1326 2028 dieti
1350 2005 1540 2031 monasteri?

199 2035 252 2062 hat
272 2045 338 2063 zum
358 2037 514 2064 Verfasser
530 2038 652 2073 „Frater
666 2038 837 2071 Gausridus,
861 2038 957 2066 dictus
979 2039 1014 2066 de
1031 2040 1164 2071 Conone,
1188 2040 1274 2067 huius
1298 2042 1355 2068 loci
1380 2043 1541 2069 monachus

199 2078 228 2102 et
254 2075 392 2103 sacerdos
420 2074 579 2113 indignus“
609 2076 671 2111 (fol.
700 2076 784 2112 331³).
826 2078 889 2104 Das
917 2078 1133 2115 naehfolgende
1162 2080 1299 2107 Officium
1329 2089 1385 2107 von
1418 2082 1541 2109 anderer

198 2114 297 2142 Hand.

606 2228 663 2260 511.
706 2229 747 2261 De
769 2238 794 2260 s.
816 2229 954 2261 Venerio
977 2231 1130 2263 Eremita.

201 2320 235 2353 1.
261 2319 361 2359 Deus,
390 2323 519 2351 creator
544 2321 696 2363 omnium,
903 2325 936 2357 2.
963 2325 1026 2356 Per
1053 2324 1142 2356 cuius
1169 2330 1281 2356 sancta
1307 2326 1422 2358 merita

262 2367 378 2400 Custos
403 2371 530 2400 tuorum
555 2369 704 2412 militum,
961 2373 1040 2404 Tria
1068 2378 1239 2414 resurgunt
1265 2383 1412 2414 corpora,

259 2416 319 2456 Qui
346 2416 476 2448 beatum
501 2417 674 2449 Venerium
960 2422 1101 2461 Quorum
1126 2422 1159 2453 in
1185 2423 1282 2453 maris
1309 2423 1404 2455 litore

263 2465 367 2498 Tuum
394 2464 503 2497 fecisti
520 2464 687 2502 famulum.
961 2471 1135 2502 Invenerat
1162 2471 1333 2505 cadavera.
