<?xml version="1.0" encoding="UTF-8"?>
<!DOCTYPE html PUBLIC "-//W3C//DTD XHTML 1.0 Transitional//EN"
    "http://www.w3.org/TR/xhtml1/DTD/xhtml1-transitional.dtd">
<html xmlns="http://www.w3.org/1999/xhtml" xml:lang="en" lang="en">
 <head>
  <title>
</title>
<meta http-equiv="Content-Type" content="text/html;charset=utf-8" />
  <meta name='ocr-system' content='tesseract 3.04.00' />
  <meta name='ocr-capabilities' content='ocr_page ocr_carea ocr_par ocr_line ocrx_word'/>
</head>
<body>
  <div class='ocr_page' id='page_1' title='image "./analectahymnica43drevuoft/analectahymnica43drevuoft_0198.png"; bbox 0 0 1653 2656; ppageno 0'>
   <div class='ocr_carea' id='block_1_1' title="bbox 166 229 723 278">
    <p class='ocr_par' dir='ltr' id='par_1_1' title="bbox 166 229 723 278">
     <span class='ocr_line' id='line_1_1' title="bbox 166 229 723 278; baseline 0.018 -18"><span class='ocrx_word' id='word_1_1' title='bbox 166 229 203 261; x_wconf 80' lang='lat'>5.</span> <span class='ocrx_word' id='word_1_2' title='bbox 228 229 267 261; x_wconf 94' lang='lat' dir='ltr'>In</span> <span class='ocrx_word' id='word_1_3' title='bbox 294 229 387 263; x_wconf 84' lang='lat' dir='ltr'>horto</span> <span class='ocrx_word' id='word_1_4' title='bbox 413 234 498 272; x_wconf 87' lang='lat' dir='ltr'>patri</span> <span class='ocrx_word' id='word_1_5' title='bbox 525 237 723 278; x_wconf 70' lang='lat' dir='ltr'>supplicam,</span> 
     </span>
    </p>
   </div>
   <div class='ocr_carea' id='block_1_2' title="bbox 707 144 968 180">
    <p class='ocr_par' dir='ltr' id='par_1_2' title="bbox 707 144 968 180">
     <span class='ocr_line' id='line_1_2' title="bbox 707 144 968 180; baseline 0.019 -3"><span class='ocrx_word' id='word_1_6' title='bbox 707 144 968 180; x_wconf 83' lang='lat'>—195—</span> 
     </span>
    </p>
   </div>
   <div class='ocr_carea' id='block_1_3' title="bbox 890 245 1463 436">
    <p class='ocr_par' dir='ltr' id='par_1_3' title="bbox 890 245 1463 436">
     <span class='ocr_line' id='line_1_3' title="bbox 890 245 1461 285; baseline 0.009 -7"><span class='ocrx_word' id='word_1_7' title='bbox 890 245 922 278; x_wconf 89' lang='grc'>8.</span> <span class='ocrx_word' id='word_1_8' title='bbox 950 245 1050 285; x_wconf 85' lang='lat' dir='ltr'>Quam</span> <span class='ocrx_word' id='word_1_9' title='bbox 1077 248 1137 279; x_wconf 86' lang='lat' dir='ltr'>sibi</span> <span class='ocrx_word' id='word_1_10' title='bbox 1168 249 1262 281; x_wconf 79' lang='lat' dir='ltr'>valde</span> <span class='ocrx_word' id='word_1_11' title='bbox 1289 250 1461 283; x_wconf 85' lang='lat' dir='ltr'>condolens</span> 
     </span>
     <span class='ocr_line' id='line_1_4' title="bbox 950 294 1364 337; baseline 0.017 -13"><span class='ocrx_word' id='word_1_12' title='bbox 950 294 1048 325; x_wconf 83' lang='lat' dir='ltr'>Ducis</span> <span class='ocrx_word' id='word_1_13' title='bbox 1075 296 1116 327; x_wconf 77' lang='lat' dir='ltr'>ad</span> <span class='ocrx_word' id='word_1_14' title='bbox 1144 306 1269 330; x_wconf 82' lang='lat' dir='ltr'>crucem</span> <span class='ocrx_word' id='word_1_15' title='bbox 1295 297 1364 337; x_wconf 86' lang='lat' dir='ltr'>filii,</span> 
     </span>
     <span class='ocr_line' id='line_1_5' title="bbox 949 341 1362 378; baseline 0.015 -6"><span class='ocrx_word' id='word_1_16' title='bbox 949 341 1040 373; x_wconf 90' lang='lat' dir='ltr'>Omni</span> <span class='ocrx_word' id='word_1_17' title='bbox 1071 344 1187 376; x_wconf 86' lang='lat' dir='ltr'>virtute</span> <span class='ocrx_word' id='word_1_18' title='bbox 1213 346 1362 378; x_wconf 84' lang='lat' dir='ltr'>redolens</span> 
     </span>
     <span class='ocr_line' id='line_1_6' title="bbox 946 390 1463 436; baseline 0.014 -16"><span class='ocrx_word' id='word_1_19' title='bbox 946 390 1043 429; x_wconf 83' lang='lat' dir='ltr'><strong>Quem</strong></span> <span class='ocrx_word' id='word_1_20' title='bbox 1073 392 1338 433; x_wconf 75' lang='lat' dir='ltr'>blasphemabant</span> <span class='ocrx_word' id='word_1_21' title='bbox 1363 395 1463 436; x_wconf 89' lang='lat' dir='ltr'>impii.</span> 
     </span>
    </p>
   </div>
   <div class='ocr_carea' id='block_1_4' title="bbox 223 276 690 415">
    <p class='ocr_par' dir='ltr' id='par_1_4' title="bbox 223 276 690 415">
     <span class='ocr_line' id='line_1_7' title="bbox 229 276 673 327; baseline 0.02 -19"><span class='ocrx_word' id='word_1_22' title='bbox 229 276 274 310; x_wconf 86' lang='lat' dir='ltr'>Ut</span> <span class='ocrx_word' id='word_1_23' title='bbox 301 279 386 312; x_wconf 83' lang='lat' dir='ltr'>calix</span> <span class='ocrx_word' id='word_1_24' title='bbox 412 290 432 313; x_wconf 88' lang='lat' dir='ltr'>a</span> <span class='ocrx_word' id='word_1_25' title='bbox 457 291 491 313; x_wconf 90' lang='lat' dir='ltr'>se</span> <span class='ocrx_word' id='word_1_26' title='bbox 518 287 673 327; x_wconf 86' lang='lat' dir='ltr'>transeat,</span> 
     </span>
     <span class='ocr_line' id='line_1_8' title="bbox 226 325 665 374; baseline 0.014 -16"><span class='ocrx_word' id='word_1_27' title='bbox 226 325 316 358; x_wconf 77' lang='lat' dir='ltr'>Iesus</span> <span class='ocrx_word' id='word_1_28' title='bbox 345 327 438 371; x_wconf 85' lang='lat' dir='ltr'>dixit,</span> <span class='ocrx_word' id='word_1_29' title='bbox 466 335 501 361; x_wconf 87' lang='lat' dir='ltr'>ut</span> <span class='ocrx_word' id='word_1_30' title='bbox 528 332 665 374; x_wconf 86' lang='lat' dir='ltr'>vigilans</span> 
     </span>
     <span class='ocr_line' id='line_1_9' title="bbox 223 373 690 415; baseline 0.019 -11"><span class='ocrx_word' id='word_1_31' title='bbox 223 373 317 406; x_wconf 90' lang='lat' dir='ltr'>Mens</span> <span class='ocrx_word' id='word_1_32' title='bbox 343 378 399 408; x_wconf 86' lang='lat' dir='ltr'>tua</span> <span class='ocrx_word' id='word_1_33' title='bbox 417 386 526 410; x_wconf 84' lang='lat' dir='ltr'>secum</span> <span class='ocrx_word' id='word_1_34' title='bbox 553 387 690 415; x_wconf 83' lang='lat' dir='ltr'>maneat.</span> 
     </span>
    </p>
   </div>
   <div class='ocr_carea' id='block_1_5' title="bbox 162 460 1347 519">
    <p class='ocr_par' dir='ltr' id='par_1_5' title="bbox 162 460 1347 519">
     <span class='ocr_line' id='line_1_10' title="bbox 162 460 1347 519; baseline 0.015 -25"><span class='ocrx_word' id='word_1_35' title='bbox 162 461 197 493; x_wconf 89' lang='lat'>6.</span> <span class='ocrx_word' id='word_1_36' title='bbox 227 461 312 493; x_wconf 88' lang='lat' dir='ltr'>Dum</span> <span class='ocrx_word' id='word_1_37' title='bbox 341 460 467 503; x_wconf 87' lang='lat' dir='ltr'>fugiunt</span> <span class='ocrx_word' id='word_1_38' title='bbox 493 465 655 507; x_wconf 85' lang='lat' dir='ltr'>discipuli,</span> <span class='ocrx_word' id='word_1_39' title='bbox 887 476 918 508; x_wconf 89' lang='lat'>9.</span> <span class='ocrx_word' id='word_1_40' title='bbox 947 475 1078 508; x_wconf 83' lang='lat' dir='ltr'>Scutum</span> <span class='ocrx_word' id='word_1_41' title='bbox 1102 479 1347 519; x_wconf 82' lang='lat' dir='ltr'>impenetrabile</span> 
     </span>
    </p>
   </div>
   <div class='ocr_carea' id='block_1_6' title="bbox 148 2311 718 2350">
    <p class='ocr_par' dir='ltr' id='par_1_6' title="bbox 148 2311 718 2350">
     <span class='ocr_line' id='line_1_11' title="bbox 148 2311 718 2350; baseline 0.012 -7"><span class='ocrx_word' id='word_1_42' title='bbox 148 2312 179 2343; x_wconf 91' lang='lat' dir='ltr'>l.</span> <span class='ocrx_word' id='word_1_43' title='bbox 211 2311 398 2345; x_wconf 86' lang='lat' dir='ltr'>Praecurris</span> <span class='ocrx_word' id='word_1_44' title='bbox 425 2317 460 2346; x_wconf 86' lang='lat' dir='ltr'>tu</span> <span class='ocrx_word' id='word_1_45' title='bbox 485 2315 528 2347; x_wconf 86' lang='lat' dir='ltr'>ad</span> <span class='ocrx_word' id='word_1_46' title='bbox 560 2318 718 2350; x_wconf 88' lang='lat' dir='ltr'>tumulum</span> 
     </span>
    </p>
   </div>
   <div class='ocr_carea' id='block_1_7' title="bbox 222 509 772 647">
    <p class='ocr_par' dir='ltr' id='par_1_7' title="bbox 222 509 772 647">
     <span class='ocr_line' id='line_1_12' title="bbox 225 509 710 558; baseline 0.014 -17"><span class='ocrx_word' id='word_1_47' title='bbox 225 509 394 552; x_wconf 47' lang='lat' dir='ltr'>Iohannes</span> <span class='ocrx_word' id='word_1_48' title='bbox 424 513 529 544; x_wconf 86' lang='lat' dir='ltr'>Iesum</span> <span class='ocrx_word' id='word_1_49' title='bbox 557 516 710 558; x_wconf 84' lang='lat' dir='ltr'>sequeris,</span> 
     </span>
     <span class='ocr_line' id='line_1_13' title="bbox 224 557 772 605; baseline 0.015 -16"><span class='ocrx_word' id='word_1_50' title='bbox 224 557 308 590; x_wconf 88' lang='lat' dir='ltr'>Dum</span> <span class='ocrx_word' id='word_1_51' title='bbox 333 563 462 600; x_wconf 87' lang='lat' dir='ltr'>captum</span> <span class='ocrx_word' id='word_1_52' title='bbox 490 563 622 595; x_wconf 82' lang='lat' dir='ltr'>trahunt</span> <span class='ocrx_word' id='word_1_53' title='bbox 648 563 772 605; x_wconf 86' lang='lat' dir='ltr'>famuli,</span> 
     </span>
     <span class='ocr_line' id='line_1_14' title="bbox 222 607 699 647; baseline 0.015 -10"><span class='ocrx_word' id='word_1_54' title='bbox 222 607 259 638; x_wconf 91' lang='lat' dir='ltr'>In</span> <span class='ocrx_word' id='word_1_55' title='bbox 285 612 388 639; x_wconf 87' lang='lat' dir='ltr'>morte</span> <span class='ocrx_word' id='word_1_56' title='bbox 414 612 448 640; x_wconf 93' lang='lat' dir='ltr'>tu</span> <span class='ocrx_word' id='word_1_57' title='bbox 476 619 538 641; x_wconf 92' lang='lat' dir='ltr'>non</span> <span class='ocrx_word' id='word_1_58' title='bbox 565 611 699 647; x_wconf 87' lang='lat' dir='ltr'>deseris.</span> 
     </span>
    </p>
   </div>
   <div class='ocr_carea' id='block_1_8' title="bbox 946 524 1380 665">
    <p class='ocr_par' dir='ltr' id='par_1_8' title="bbox 946 524 1380 665">
     <span class='ocr_line' id='line_1_15' title="bbox 948 524 1347 566; baseline 0.015 -12"><span class='ocrx_word' id='word_1_59' title='bbox 948 524 1014 555; x_wconf 87' lang='lat' dir='ltr'>Nos</span> <span class='ocrx_word' id='word_1_60' title='bbox 1041 526 1116 557; x_wconf 80' lang='lat' dir='ltr'>fidei</span> <span class='ocrx_word' id='word_1_61' title='bbox 1143 528 1189 558; x_wconf 85' lang='lat' dir='ltr'>sic</span> <span class='ocrx_word' id='word_1_62' title='bbox 1216 529 1347 566; x_wconf 70' lang='lat' dir='ltr'>muniat„</span> 
     </span>
     <span class='ocr_line' id='line_1_16' title="bbox 947 572 1342 613; baseline 0.013 -10"><span class='ocrx_word' id='word_1_63' title='bbox 947 572 1158 606; x_wconf 81' lang='lat' dir='ltr'>Daemonium</span> <span class='ocrx_word' id='word_1_64' title='bbox 1185 576 1342 613; x_wconf 81' lang='lat' dir='ltr'>terribile,</span> 
     </span>
     <span class='ocr_line' id='line_1_17' title="bbox 946 621 1380 665; baseline 0.014 -14"><span class='ocrx_word' id='word_1_65' title='bbox 946 621 1115 661; x_wconf 81' lang='lat' dir='ltr'>Iohannes,</span> <span class='ocrx_word' id='word_1_66' title='bbox 1145 632 1183 654; x_wconf 85' lang='lat' dir='ltr'>ne</span> <span class='ocrx_word' id='word_1_67' title='bbox 1209 626 1380 665; x_wconf 85' lang='lat' dir='ltr'>percutiat.</span> 
     </span>
    </p>
   </div>
   <div class='ocr_carea' id='block_1_9' title="bbox 188 692 1452 839">
    <p class='ocr_par' dir='ltr' id='par_1_9' title="bbox 188 692 1452 839">
     <span class='ocr_line' id='line_1_18' title="bbox 188 692 1344 748; baseline 0.016 -24"><span class='ocrx_word' id='word_1_68' title='bbox 188 717 196 725; x_wconf 92' lang='lat'>.</span> <span class='ocrx_word' id='word_1_69' title='bbox 224 692 287 725; x_wconf 81' lang='lat' dir='ltr'>Ore</span> <span class='ocrx_word' id='word_1_70' title='bbox 315 693 427 726; x_wconf 80' lang='lat' dir='ltr'>dixisti</span> <span class='ocrx_word' id='word_1_71' title='bbox 455 698 609 736; x_wconf 88' lang='lat' dir='ltr'>quaerulo</span> <span class='ocrx_word' id='word_1_72' title='bbox 862 705 916 738; x_wconf 89' lang='lat'>10.</span> <span class='ocrx_word' id='word_1_73' title='bbox 946 706 1045 745; x_wconf 88' lang='lat' dir='ltr'>Patri,</span> <span class='ocrx_word' id='word_1_74' title='bbox 1073 712 1158 746; x_wconf 76' lang='lat' dir='ltr'>nato,</span> <span class='ocrx_word' id='word_1_75' title='bbox 1186 710 1344 748; x_wconf 77' lang='lat' dir='ltr'>paraclito</span> 
     </span>
     <span class='ocr_line' id='line_1_19' title="bbox 222 740 1452 798; baseline 0.017 -27"><span class='ocrx_word' id='word_1_76' title='bbox 222 740 365 773; x_wconf 85' lang='lat' dir='ltr'>Mariae:</span> <span class='ocrx_word' id='word_1_77' title='bbox 394 743 491 776; x_wconf 92' lang='lat' dir='ltr'>Iudas</span> <span class='ocrx_word' id='word_1_78' title='bbox 519 746 664 779; x_wconf 87' lang='lat' dir='ltr'>trucibus</span> <span class='ocrx_word' id='word_1_79' title='bbox 949 754 1082 795; x_wconf 87' lang='lat' dir='ltr'>Semper</span> <span class='ocrx_word' id='word_1_80' title='bbox 1108 757 1280 789; x_wconf 85' lang='lat' dir='ltr'>reddamus</span> <span class='ocrx_word' id='word_1_81' title='bbox 1307 759 1452 798; x_wconf 82' lang='lat' dir='ltr'>gloriam,</span> 
     </span>
     <span class='ocr_line' id='line_1_20' title="bbox 223 788 1376 839; baseline 0.017 -20"><span class='ocrx_word' id='word_1_82' title='bbox 223 788 316 820; x_wconf 87' lang='lat' dir='ltr'>Nunc</span> <span class='ocrx_word' id='word_1_83' title='bbox 343 791 448 822; x_wconf 83' lang='lat' dir='ltr'>Iesum</span> <span class='ocrx_word' id='word_1_84' title='bbox 476 793 568 825; x_wconf 82' lang='lat' dir='ltr'>dedit</span> <span class='ocrx_word' id='word_1_85' title='bbox 593 797 702 828; x_wconf 86' lang='lat' dir='ltr'>osculo</span> <span class='ocrx_word' id='word_1_86' title='bbox 948 802 1058 834; x_wconf 83' lang='lat' dir='ltr'>Sancti</span> <span class='ocrx_word' id='word_1_87' title='bbox 1085 805 1235 837; x_wconf 83' lang='lat' dir='ltr'>Iohannis</span> <span class='ocrx_word' id='word_1_88' title='bbox 1263 808 1376 839; x_wconf 86' lang='lat' dir='ltr'>merito</span> 
     </span>
    </p>
   </div>
   <div class='ocr_carea' id='block_1_10' title="bbox 223 836 1367 887">
    <p class='ocr_par' dir='ltr' id='par_1_10' title="bbox 223 836 1367 887">
     <span class='ocr_line' id='line_1_21' title="bbox 223 836 1367 887; baseline 0.017 -19"><span class='ocrx_word' id='word_1_89' title='bbox 223 836 471 872; x_wconf 82' lang='lat' dir='ltr'>Pharisaeorum</span> <span class='ocrx_word' id='word_1_90' title='bbox 499 843 657 877; x_wconf 86' lang='lat' dir='ltr'>manibus.</span> <span class='ocrx_word' id='word_1_91' title='bbox 943 851 1103 883; x_wconf 85' lang='lat' dir='ltr'>Intremus</span> <span class='ocrx_word' id='word_1_92' title='bbox 1131 854 1211 884; x_wconf 88' lang='lat' dir='ltr'>caeli</span> <span class='ocrx_word' id='word_1_93' title='bbox 1237 855 1367 887; x_wconf 89' lang='lat' dir='ltr'>curiam.</span> 
     </span>
    </p>
   </div>
   <div class='ocr_carea' id='block_1_11' title="bbox 239 922 1154 969">
    <p class='ocr_par' dir='ltr' id='par_1_11' title="bbox 239 922 1154 969">
     <span class='ocr_line' id='line_1_22' title="bbox 239 922 1154 969; baseline 0.017 -20"><span class='ocrx_word' id='word_1_94' title='bbox 239 922 377 951; x_wconf 79' lang='lat' dir='ltr'>Officium</span> <span class='ocrx_word' id='word_1_95' title='bbox 401 934 510 953; x_wconf 87' lang='lat' dir='ltr'>novum</span> <span class='ocrx_word' id='word_1_96' title='bbox 535 928 613 955; x_wconf 86' lang='lat' dir='ltr'>beati</span> <span class='ocrx_word' id='word_1_97' title='bbox 636 930 778 959; x_wconf 82' lang='lat' dir='ltr'>Iohannis</span> <span class='ocrx_word' id='word_1_98' title='bbox 801 933 870 969; x_wconf 88' lang='lat' dir='ltr'>imp.</span> <span class='ocrx_word' id='word_1_99' title='bbox 894 935 1047 963; x_wconf 73' lang='lat' dir='ltr'>Bononiae</span> <span class='ocrx_word' id='word_1_100' title='bbox 1071 936 1154 965; x_wconf 71' lang='lat'>1525.</span> 
     </span>
    </p>
   </div>
   <div class='ocr_carea' id='block_1_12' title="bbox 574 1090 1077 1182">
    <p class='ocr_par' dir='ltr' id='par_1_12' title="bbox 574 1090 1077 1182">
     <span class='ocr_line' id='line_1_23' title="bbox 574 1090 1077 1136; baseline 0.014 -16"><span class='ocrx_word' id='word_1_101' title='bbox 574 1090 642 1121; x_wconf 81' lang='lat'>328.</span> <span class='ocrx_word' id='word_1_102' title='bbox 684 1091 726 1123; x_wconf 88' lang='lat' dir='ltr'>De</span> <span class='ocrx_word' id='word_1_103' title='bbox 748 1101 772 1123; x_wconf 91' lang='lat' dir='ltr'>s.</span> <span class='ocrx_word' id='word_1_104' title='bbox 794 1093 932 1126; x_wconf 83' lang='lat' dir='ltr'>Iohanne</span> <span class='ocrx_word' id='word_1_105' title='bbox 957 1095 1077 1136; x_wconf 82' lang='lat' dir='ltr'>Evang.</span> 
     </span>
     <span class='ocr_line' id='line_1_24' title="bbox 698 1152 944 1182; baseline 0.012 -3"><span class='ocrx_word' id='word_1_106' title='bbox 698 1152 749 1180; x_wconf 83' lang='lat' dir='ltr'>Ad</span> <span class='ocrx_word' id='word_1_107' title='bbox 779 1154 944 1182; x_wconf 83' lang='lat' dir='ltr'>Primam.</span> 
     </span>
    </p>
   </div>
   <div class='ocr_carea' id='block_1_13' title="bbox 183 1223 715 1414">
    <p class='ocr_par' dir='ltr' id='par_1_13' title="bbox 183 1223 715 1364">
     <span class='ocr_line' id='line_1_25' title="bbox 183 1223 644 1269; baseline 0.011 -14"><span class='ocrx_word' id='word_1_108' title='bbox 183 1246 191 1255; x_wconf 90' lang='lat'>.</span> <span class='ocrx_word' id='word_1_109' title='bbox 220 1223 379 1267; x_wconf 76' lang='lat' dir='ltr'>ploratus,</span> <span class='ocrx_word' id='word_1_110' title='bbox 408 1225 480 1266; x_wconf 85' lang='lat' dir='ltr'>heu,</span> <span class='ocrx_word' id='word_1_111' title='bbox 509 1227 644 1269; x_wconf 85' lang='lat' dir='ltr'>largiter</span> 
     </span>
     <span class='ocr_line' id='line_1_26' title="bbox 219 1272 715 1310; baseline 0.012 -5"><span class='ocrx_word' id='word_1_112' title='bbox 219 1272 362 1305; x_wconf 88' lang='lat' dir='ltr'>Cernens</span> <span class='ocrx_word' id='word_1_113' title='bbox 389 1278 523 1307; x_wconf 86' lang='lat' dir='ltr'>matrem</span> <span class='ocrx_word' id='word_1_114' title='bbox 551 1285 621 1308; x_wconf 89' lang='lat' dir='ltr'>cum</span> <span class='ocrx_word' id='word_1_115' title='bbox 649 1276 715 1310; x_wconf 85' lang='lat' dir='ltr'>filio</span> 
     </span>
     <span class='ocr_line' id='line_1_27' title="bbox 216 1320 600 1364; baseline 0.016 -13"><span class='ocrx_word' id='word_1_116' title='bbox 216 1320 255 1352; x_wconf 92' lang='lat' dir='ltr'>In</span> <span class='ocrx_word' id='word_1_117' title='bbox 279 1322 430 1360; x_wconf 83' lang='lat' dir='ltr'>passione</span> <span class='ocrx_word' id='word_1_118' title='bbox 457 1325 600 1364; x_wconf 86' lang='lat' dir='ltr'>graviter</span> 
     </span>
    </p>

    <p class='ocr_par' dir='ltr' id='par_1_14' title="bbox 219 1368 621 1414">
     <span class='ocr_line' id='line_1_28' title="bbox 219 1368 621 1414; baseline 0.015 -14"><span class='ocrx_word' id='word_1_119' title='bbox 219 1368 298 1401; x_wconf 91' lang='lat' dir='ltr'>Diro</span> <span class='ocrx_word' id='word_1_120' title='bbox 324 1372 422 1411; x_wconf 88' lang='lat' dir='ltr'>pungi</span> <span class='ocrx_word' id='word_1_121' title='bbox 450 1373 621 1414; x_wconf 88' lang='lat' dir='ltr'>supplicio,</span> 
     </span>
    </p>
   </div>
   <div class='ocr_carea' id='block_1_14' title="bbox 857 1233 1434 1419">
    <p class='ocr_par' dir='ltr' id='par_1_15' title="bbox 857 1233 1434 1419">
     <span class='ocr_line' id='line_1_29' title="bbox 857 1233 1281 1276; baseline 0.012 -11"><span class='ocrx_word' id='word_1_122' title='bbox 857 1236 888 1265; x_wconf 86' lang='lat'>4.</span> <span class='ocrx_word' id='word_1_123' title='bbox 919 1233 1035 1274; x_wconf 88' lang='lat' dir='ltr'>Sicque</span> <span class='ocrx_word' id='word_1_124' title='bbox 1061 1238 1188 1276; x_wconf 79' lang='lat' dir='ltr'>sepulto</span> <span class='ocrx_word' id='word_1_125' title='bbox 1216 1238 1281 1270; x_wconf 88' lang='lat' dir='ltr'>filio</span> 
     </span>
     <span class='ocr_line' id='line_1_30' title="bbox 918 1283 1407 1320; baseline 0.012 -6"><span class='ocrx_word' id='word_1_126' title='bbox 918 1283 1035 1315; x_wconf 87' lang='lat' dir='ltr'>Curam</span> <span class='ocrx_word' id='word_1_127' title='bbox 1063 1286 1176 1317; x_wconf 86' lang='lat' dir='ltr'>matris</span> <span class='ocrx_word' id='word_1_128' title='bbox 1204 1287 1235 1318; x_wconf 91' lang='lat' dir='ltr'>in</span> <span class='ocrx_word' id='word_1_129' title='bbox 1262 1288 1407 1320; x_wconf 89' lang='lat' dir='ltr'>omnibus</span> 
     </span>
     <span class='ocr_line' id='line_1_31' title="bbox 917 1330 1231 1374; baseline 0.019 -13"><span class='ocrx_word' id='word_1_130' title='bbox 917 1330 1022 1371; x_wconf 85' lang='lat' dir='ltr'>Egisti</span> <span class='ocrx_word' id='word_1_131' title='bbox 1048 1334 1116 1364; x_wconf 91' lang='lat' dir='ltr'>sine</span> <span class='ocrx_word' id='word_1_132' title='bbox 1144 1335 1231 1374; x_wconf 77' lang='lat' dir='ltr'>vitio,</span> 
     </span>
     <span class='ocr_line' id='line_1_32' title="bbox 918 1379 1434 1419; baseline 0.016 -9"><span class='ocrx_word' id='word_1_133' title='bbox 918 1379 1002 1411; x_wconf 90' lang='lat' dir='ltr'>Dum</span> <span class='ocrx_word' id='word_1_134' title='bbox 1030 1382 1110 1413; x_wconf 83' lang='lat' dir='ltr'>vixit</span> <span class='ocrx_word' id='word_1_135' title='bbox 1137 1392 1207 1414; x_wconf 88' lang='lat' dir='ltr'>cum</span> <span class='ocrx_word' id='word_1_136' title='bbox 1234 1386 1434 1419; x_wconf 76' lang='lat' dir='ltr'>mortalibus.</span> 
     </span>
    </p>
   </div>
   <div class='ocr_carea' id='block_1_15' title="bbox 181 1455 1381 1650">
    <p class='ocr_par' dir='ltr' id='par_1_16' title="bbox 181 1455 1381 1650">
     <span class='ocr_line' id='line_1_33' title="bbox 181 1455 1369 1511; baseline 0.014 -25"><span class='ocrx_word' id='word_1_137' title='bbox 181 1480 187 1486; x_wconf 94' lang='lat'>.</span> <span class='ocrx_word' id='word_1_138' title='bbox 217 1455 344 1488; x_wconf 87' lang='lat' dir='ltr'>Vexisti</span> <span class='ocrx_word' id='word_1_139' title='bbox 371 1460 611 1492; x_wconf 87' lang='lat' dir='ltr'>semimortuam</span> <span class='ocrx_word' id='word_1_140' title='bbox 857 1469 889 1500; x_wconf 85' lang='lat'>5,</span> <span class='ocrx_word' id='word_1_141' title='bbox 918 1466 1114 1500; x_wconf 90' lang='lat' dir='ltr'>Mundemus</span> <span class='ocrx_word' id='word_1_142' title='bbox 1141 1479 1197 1501; x_wconf 85' lang='lat' dir='ltr'>cor</span> <span class='ocrx_word' id='word_1_143' title='bbox 1221 1471 1369 1511; x_wconf 84' lang='lat' dir='ltr'>sollicite,</span> 
     </span>
     <span class='ocr_line' id='line_1_34' title="bbox 214 1504 1365 1560; baseline 0.015 -25"><span class='ocrx_word' id='word_1_144' title='bbox 214 1504 285 1536; x_wconf 88' lang='lat' dir='ltr'>Ah!</span> <span class='ocrx_word' id='word_1_145' title='bbox 320 1510 455 1539; x_wconf 87' lang='lat' dir='ltr'>matrem</span> <span class='ocrx_word' id='word_1_146' title='bbox 482 1510 610 1548; x_wconf 87' lang='lat' dir='ltr'>quantis</span> <span class='ocrx_word' id='word_1_147' title='bbox 639 1510 790 1554; x_wconf 84' lang='lat' dir='ltr'>lacrimis,</span> <span class='ocrx_word' id='word_1_148' title='bbox 916 1515 1086 1559; x_wconf 81' lang='lat' dir='ltr'>lohannes,</span> <span class='ocrx_word' id='word_1_149' title='bbox 1115 1519 1177 1549; x_wconf 87' lang='lat' dir='ltr'>tuis</span> <span class='ocrx_word' id='word_1_150' title='bbox 1204 1520 1365 1560; x_wconf 82' lang='lat' dir='ltr'>precibus,</span> 
     </span>
     <span class='ocr_line' id='line_1_35' title="bbox 214 1553 1377 1608; baseline 0.014 -24"><span class='ocrx_word' id='word_1_151' title='bbox 214 1553 315 1593; x_wconf 83' lang='lat' dir='ltr'>Quam</span> <span class='ocrx_word' id='word_1_152' title='bbox 342 1561 376 1587; x_wconf 85' lang='lat' dir='ltr'>tu</span> <span class='ocrx_word' id='word_1_153' title='bbox 403 1556 560 1589; x_wconf 83' lang='lat' dir='ltr'>credebas</span> <span class='ocrx_word' id='word_1_154' title='bbox 587 1564 746 1591; x_wconf 86' lang='lat' dir='ltr'>mortuam</span> <span class='ocrx_word' id='word_1_155' title='bbox 917 1567 986 1602; x_wconf 72' lang='lat' dir='ltr'>Quo</span> <span class='ocrx_word' id='word_1_156' title='bbox 1013 1564 1116 1597; x_wconf 89' lang='lat' dir='ltr'>Deum</span> <span class='ocrx_word' id='word_1_157' title='bbox 1143 1576 1199 1598; x_wconf 91' lang='lat' dir='ltr'>nos</span> <span class='ocrx_word' id='word_1_158' title='bbox 1227 1569 1377 1608; x_wconf 85' lang='lat' dir='ltr'>explicite</span> 
     </span>
     <span class='ocr_line' id='line_1_36' title="bbox 216 1603 1381 1650; baseline 0.013 -16"><span class='ocrx_word' id='word_1_159' title='bbox 216 1603 332 1634; x_wconf 74' lang='lat' dir='ltr'>Poenis</span> <span class='ocrx_word' id='word_1_160' title='bbox 359 1604 426 1636; x_wconf 85' lang='lat' dir='ltr'>nati</span> <span class='ocrx_word' id='word_1_161' title='bbox 451 1606 663 1645; x_wconf 80' lang='lat' dir='ltr'>gravissimis.</span> <span class='ocrx_word' id='word_1_162' title='bbox 915 1612 1091 1645; x_wconf 87' lang='lat' dir='ltr'>Cernamus</span> <span class='ocrx_word' id='word_1_163' title='bbox 1118 1615 1151 1646; x_wconf 94' lang='lat' dir='ltr'>in</span> <span class='ocrx_word' id='word_1_164' title='bbox 1178 1616 1381 1650; x_wconf 79' lang='lat' dir='ltr'>caelestibus,</span> 
     </span>
    </p>
   </div>
   <div class='ocr_carea' id='block_1_16' title="bbox 178 1688 1277 1783">
    <p class='ocr_par' dir='ltr' id='par_1_17' title="bbox 178 1688 1277 1783">
     <span class='ocr_line' id='line_1_37' title="bbox 178 1688 1264 1741; baseline 0.015 -22"><span class='ocrx_word' id='word_1_165' title='bbox 178 1711 185 1719; x_wconf 92' lang='lat'>.</span> <span class='ocrx_word' id='word_1_166' title='bbox 214 1688 252 1720; x_wconf 89' lang='lat' dir='ltr'>ln</span> <span class='ocrx_word' id='word_1_167' title='bbox 278 1698 373 1721; x_wconf 87' lang='lat' dir='ltr'>cruce</span> <span class='ocrx_word' id='word_1_168' title='bbox 399 1690 461 1722; x_wconf 90' lang='lat' dir='ltr'>Dei</span> <span class='ocrx_word' id='word_1_169' title='bbox 488 1691 572 1724; x_wconf 87' lang='lat' dir='ltr'>filius</span> <span class='ocrx_word' id='word_1_170' title='bbox 856 1699 887 1731; x_wconf 86' lang='grc'>6.</span> <span class='ocrx_word' id='word_1_171' title='bbox 916 1699 960 1731; x_wconf 83' lang='lat' dir='ltr'>Et</span> <span class='ocrx_word' id='word_1_172' title='bbox 987 1698 1079 1732; x_wconf 87' lang='lat' dir='ltr'>fortis</span> <span class='ocrx_word' id='word_1_173' title='bbox 1106 1703 1264 1741; x_wconf 84' lang='lat' dir='ltr'>patientia</span> 
     </span>
     <span class='ocr_line' id='line_1_38' title="bbox 213 1737 1277 1783; baseline 0.015 -15"><span class='ocrx_word' id='word_1_174' title='bbox 213 1737 354 1769; x_wconf 85' lang='lat' dir='ltr'>Matrem</span> <span class='ocrx_word' id='word_1_175' title='bbox 381 1740 526 1779; x_wconf 86' lang='lat' dir='ltr'>pendens</span> <span class='ocrx_word' id='word_1_176' title='bbox 553 1742 758 1783; x_wconf 88' lang='lat' dir='ltr'>adloquitur:</span> <span class='ocrx_word' id='word_1_177' title='bbox 914 1748 1034 1781; x_wconf 89' lang='lat' dir='ltr'>Amore</span> <span class='ocrx_word' id='word_1_178' title='bbox 1061 1750 1134 1782; x_wconf 89' lang='lat' dir='ltr'>Iesu</span> <span class='ocrx_word' id='word_1_179' title='bbox 1160 1751 1277 1783; x_wconf 87' lang='lat' dir='ltr'>toleret</span> 
     </span>
    </p>
   </div>
   <div class='ocr_carea' id='block_1_17' title="bbox 214 1785 1346 1889">
    <p class='ocr_par' dir='ltr' id='par_1_18' title="bbox 214 1785 1346 1889">
     <span class='ocr_line' id='line_1_39' title="bbox 215 1785 1346 1834; baseline 0.015 -18"><span class='ocrx_word' id='word_1_180' title='bbox 215 1785 287 1824; x_wconf 88' lang='lat' dir='ltr'>Hic,</span> <span class='ocrx_word' id='word_1_181' title='bbox 315 1795 400 1827; x_wconf 85' lang='lat' dir='ltr'>ecce,</span> <span class='ocrx_word' id='word_1_182' title='bbox 429 1792 500 1820; x_wconf 87' lang='lat' dir='ltr'>tuus</span> <span class='ocrx_word' id='word_1_183' title='bbox 527 1789 611 1822; x_wconf 91' lang='lat' dir='ltr'>filius</span> <span class='ocrx_word' id='word_1_184' title='bbox 914 1796 1039 1830; x_wconf 89' lang='lat' dir='ltr'>Cuncta</span> <span class='ocrx_word' id='word_1_185' title='bbox 1065 1798 1157 1831; x_wconf 91' lang='lat' dir='ltr'>nobis</span> <span class='ocrx_word' id='word_1_186' title='bbox 1185 1802 1346 1834; x_wconf 87' lang='lat' dir='ltr'>contraria</span> 
     </span>
     <span class='ocr_line' id='line_1_40' title="bbox 214 1835 1320 1889; baseline 0.014 -24"><span class='ocrx_word' id='word_1_187' title='bbox 214 1835 277 1867; x_wconf 89' lang='lat' dir='ltr'>Pro</span> <span class='ocrx_word' id='word_1_188' title='bbox 305 1844 355 1867; x_wconf 89' lang='lat' dir='ltr'>me</span> <span class='ocrx_word' id='word_1_189' title='bbox 382 1836 442 1868; x_wconf 91' lang='lat' dir='ltr'>tibi</span> <span class='ocrx_word' id='word_1_190' title='bbox 468 1839 668 1873; x_wconf 84' lang='lat' dir='ltr'>conceditur.</span> <span class='ocrx_word' id='word_1_191' title='bbox 912 1844 955 1876; x_wconf 85' lang='lat' dir='ltr'>Et</span> <span class='ocrx_word' id='word_1_192' title='bbox 982 1847 1151 1880; x_wconf 87' lang='lat' dir='ltr'>tolerando</span> <span class='ocrx_word' id='word_1_193' title='bbox 1179 1856 1320 1889; x_wconf 85' lang='lat' dir='ltr'>superet.</span> 
     </span>
    </p>
   </div>
   <div class='ocr_carea' id='block_1_18' title="bbox 583 1928 1062 1973">
    <p class='ocr_par' dir='ltr' id='par_1_19' title="bbox 583 1928 1062 1973">
     <span class='ocr_line' id='line_1_41' title="bbox 583 1928 1062 1973; baseline 0.01 -12"><span class='ocrx_word' id='word_1_194' title='bbox 583 1928 613 1962; x_wconf 82' lang='lat'>7.</span> <span class='ocrx_word' id='word_1_195' title='bbox 640 1929 741 1971; x_wconf 88' lang='lat' dir='ltr'>Patri,</span> <span class='ocrx_word' id='word_1_196' title='bbox 777 1935 862 1971; x_wconf 89' lang='lat' dir='ltr'>nato,</span> <span class='ocrx_word' id='word_1_197' title='bbox 891 1934 1062 1973; x_wconf 88' lang='lat' dir='ltr'>paraclito.</span> 
     </span>
    </p>
   </div>
   <div class='ocr_carea' id='block_1_19' title="bbox 228 2008 1440 2054">
    <p class='ocr_par' dir='ltr' id='par_1_20' title="bbox 228 2008 1440 2054">
     <span class='ocr_line' id='line_1_42' title="bbox 228 2008 1440 2054; baseline 0.013 -19"><span class='ocrx_word' id='word_1_198' title='bbox 228 2008 367 2036; x_wconf 88' lang='lat' dir='ltr'>Officium</span> <span class='ocrx_word' id='word_1_199' title='bbox 388 2019 499 2039; x_wconf 85' lang='lat' dir='ltr'>novum</span> <span class='ocrx_word' id='word_1_200' title='bbox 521 2013 600 2040; x_wconf 86' lang='lat' dir='ltr'>beati</span> <span class='ocrx_word' id='word_1_201' title='bbox 623 2015 766 2043; x_wconf 85' lang='lat' dir='ltr'>Iohannis</span> <span class='ocrx_word' id='word_1_202' title='bbox 788 2018 857 2054; x_wconf 88' lang='lat' dir='ltr'>imp.</span> <span class='ocrx_word' id='word_1_203' title='bbox 881 2019 1035 2047; x_wconf 81' lang='lat' dir='ltr'>Bononiae</span> <span class='ocrx_word' id='word_1_204' title='bbox 1064 2018 1144 2048; x_wconf 63' lang='lat'>1525.</span> <span class='ocrx_word' id='word_1_205' title='bbox 1166 2036 1202 2039; x_wconf 97' lang='lat'><strong>—</strong></span> <span class='ocrx_word' id='word_1_206' title='bbox 1224 2020 1250 2053; x_wconf 79' lang='lat'>2,</span> <span class='ocrx_word' id='word_1_207' title='bbox 1276 2021 1288 2048; x_wconf 93' lang='grc'><strong>1</strong></span> <span class='ocrx_word' id='word_1_208' title='bbox 1318 2024 1440 2051; x_wconf 76' lang='lat' dir='ltr'>Rexisti.</span> 
     </span>
    </p>
   </div>
   <div class='ocr_carea' id='block_1_20' title="bbox 569 2177 1071 2269">
    <p class='ocr_par' dir='ltr' id='par_1_21' title="bbox 569 2177 1071 2269">
     <span class='ocr_line' id='line_1_43' title="bbox 569 2177 1071 2221; baseline 0.006 -13"><span class='ocrx_word' id='word_1_209' title='bbox 569 2177 638 2209; x_wconf 80' lang='lat'>329.</span> <span class='ocrx_word' id='word_1_210' title='bbox 682 2179 723 2210; x_wconf 83' lang='lat' dir='ltr'>De</span> <span class='ocrx_word' id='word_1_211' title='bbox 745 2187 769 2210; x_wconf 83' lang='lat' dir='ltr'>s.</span> <span class='ocrx_word' id='word_1_212' title='bbox 791 2179 929 2211; x_wconf 84' lang='lat' dir='ltr'>Iohanne</span> <span class='ocrx_word' id='word_1_213' title='bbox 951 2181 1071 2221; x_wconf 83' lang='lat' dir='ltr'>Evang.</span> 
     </span>
     <span class='ocr_line' id='line_1_44' title="bbox 684 2240 945 2269; baseline 0.008 -3"><span class='ocrx_word' id='word_1_214' title='bbox 684 2240 735 2267; x_wconf 88' lang='lat' dir='ltr'>Ad</span> <span class='ocrx_word' id='word_1_215' title='bbox 762 2241 945 2269; x_wconf 85' lang='lat' dir='ltr'>Tertiam.</span> 
     </span>
    </p>
   </div>
   <div class='ocr_carea' id='block_1_21' title="bbox 851 2321 1344 2364">
    <p class='ocr_par' dir='ltr' id='par_1_22' title="bbox 851 2321 1344 2364">
     <span class='ocr_line' id='line_1_45' title="bbox 851 2321 1344 2364; baseline 0.01 -12"><span class='ocrx_word' id='word_1_216' title='bbox 851 2321 884 2353; x_wconf 89' lang='grc'>2.</span> <span class='ocrx_word' id='word_1_217' title='bbox 909 2321 1046 2354; x_wconf 79' lang='lat' dir='ltr'>Eductis</span> <span class='ocrx_word' id='word_1_218' title='bbox 1073 2323 1171 2355; x_wconf 88' lang='lat' dir='ltr'>limbo</span> <span class='ocrx_word' id='word_1_219' title='bbox 1198 2324 1344 2364; x_wconf 89' lang='lat' dir='ltr'>patribus</span> 
     </span>
    </p>
   </div>
   <div class='ocr_carea' id='block_1_22' title="bbox 205 2361 675 2454">
    <p class='ocr_par' dir='ltr' id='par_1_23' title="bbox 205 2361 675 2454">
     <span class='ocr_line' id='line_1_46' title="bbox 207 2361 675 2403; baseline 0.013 -11"><span class='ocrx_word' id='word_1_220' title='bbox 207 2361 350 2403; x_wconf 86' lang='lat' dir='ltr'>Petrum,</span> <span class='ocrx_word' id='word_1_221' title='bbox 380 2371 450 2394; x_wconf 90' lang='lat' dir='ltr'>cum</span> <span class='ocrx_word' id='word_1_222' title='bbox 478 2366 675 2399; x_wconf 86' lang='lat' dir='ltr'>resurrectio</span> 
     </span>
     <span class='ocr_line' id='line_1_47' title="bbox 205 2409 655 2454; baseline 0.011 -13"><span class='ocrx_word' id='word_1_223' title='bbox 205 2409 280 2441; x_wconf 89' lang='lat' dir='ltr'>Iesu</span> <span class='ocrx_word' id='word_1_224' title='bbox 307 2409 391 2442; x_wconf 88' lang='lat' dir='ltr'>foret</span> <span class='ocrx_word' id='word_1_225' title='bbox 418 2421 478 2451; x_wconf 89' lang='lat' dir='ltr'>per</span> <span class='ocrx_word' id='word_1_226' title='bbox 503 2414 655 2454; x_wconf 87' lang='lat' dir='ltr'>angelum</span> 
     </span>
    </p>
   </div>
   <div class='ocr_carea' id='block_1_23' title="bbox 206 2457 723 2504">
    <p class='ocr_par' dir='ltr' id='par_1_24' title="bbox 206 2457 723 2504">
     <span class='ocr_line' id='line_1_48' title="bbox 206 2457 723 2504; baseline 0.015 -15"><span class='ocrx_word' id='word_1_227' title='bbox 206 2457 373 2500; x_wconf 84' lang='lat' dir='ltr'>Discussa,</span> <span class='ocrx_word' id='word_1_228' title='bbox 404 2464 578 2500; x_wconf 14' lang='lat' dir='ltr'>tuncqcum</span> <span class='ocrx_word' id='word_1_229' title='bbox 605 2464 723 2504; x_wconf 87' lang='lat' dir='ltr'>gaudio</span> 
     </span>
    </p>
   </div>
   <div class='ocr_carea' id='block_1_24' title="bbox 910 2370 1340 2504">
    <p class='ocr_par' dir='ltr' id='par_1_25' title="bbox 910 2370 1340 2504">
     <span class='ocr_line' id='line_1_49' title="bbox 910 2370 1288 2413; baseline 0.008 -12"><span class='ocrx_word' id='word_1_230' title='bbox 910 2370 1001 2402; x_wconf 92' lang='lat' dir='ltr'>Iesus</span> <span class='ocrx_word' id='word_1_231' title='bbox 1027 2377 1158 2404; x_wconf 89' lang='lat' dir='ltr'>ornatus</span> <span class='ocrx_word' id='word_1_232' title='bbox 1185 2373 1288 2413; x_wconf 88' lang='lat' dir='ltr'>gloria</span> 
     </span>
     <span class='ocr_line' id='line_1_50' title="bbox 911 2419 1340 2460; baseline 0.009 -10"><span class='ocrx_word' id='word_1_233' title='bbox 911 2419 980 2450; x_wconf 93' lang='lat' dir='ltr'>Iam</span> <span class='ocrx_word' id='word_1_234' title='bbox 1006 2421 1166 2460; x_wconf 87' lang='lat' dir='ltr'>superatis</span> <span class='ocrx_word' id='word_1_235' title='bbox 1196 2421 1340 2454; x_wconf 88' lang='lat' dir='ltr'>hostibus</span> 
     </span>
     <span class='ocr_line' id='line_1_51' title="bbox 910 2467 1271 2504; baseline 0.011 -5"><span class='ocrx_word' id='word_1_236' title='bbox 910 2467 1058 2501; x_wconf 84' lang='lat' dir='ltr'>Surrexit</span> <span class='ocrx_word' id='word_1_237' title='bbox 1084 2470 1137 2502; x_wconf 89' lang='lat' dir='ltr'>die</span> <span class='ocrx_word' id='word_1_238' title='bbox 1164 2471 1271 2504; x_wconf 86' lang='lat' dir='ltr'>tertia.</span> 
     </span>
    </p>
   </div>
   <div class='ocr_carea' id='block_1_25' title="bbox 1249 2527 1309 2557">
    <p class='ocr_par' dir='ltr' id='par_1_26' title="bbox 1249 2527 1309 2557">
     <span class='ocr_line' id='line_1_52' title="bbox 1249 2527 1309 2557; baseline 0.033 -1"><span class='ocrx_word' id='word_1_239' title='bbox 1249 2528 1283 2557; x_wconf 78' lang='lat'>13</span> <span class='ocrx_word' id='word_1_240' title='bbox 1296 2527 1309 2543; x_wconf 82' lang='lat'>*</span> 
     </span>
    </p>
   </div>
  </div>
 </body>
</html>
