<?xml version="1.0" encoding="UTF-8"?>
<!DOCTYPE html PUBLIC "-//W3C//DTD XHTML 1.0 Transitional//EN"
    "http://www.w3.org/TR/xhtml1/DTD/xhtml1-transitional.dtd">
<html xmlns="http://www.w3.org/1999/xhtml" xml:lang="en" lang="en">
 <head>
  <title>
</title>
<meta http-equiv="Content-Type" content="text/html;charset=utf-8" />
  <meta name='ocr-system' content='tesseract 3.04.00' />
  <meta name='ocr-capabilities' content='ocr_page ocr_carea ocr_par ocr_line ocrx_word'/>
</head>
<body>
  <div class='ocr_page' id='page_1' title='image "./analectahymnica43drevuoft/analectahymnica43drevuoft_0115.png"; bbox 0 0 1653 2656; ppageno 0'>
   <div class='ocr_carea' id='block_1_1' title="bbox 745 132 1002 167">
    <p class='ocr_par' dir='ltr' id='par_1_1' title="bbox 745 132 1002 167">
     <span class='ocr_line' id='line_1_1' title="bbox 745 132 1002 167; baseline -0.004 0"><span class='ocrx_word' id='word_1_1' title='bbox 745 153 790 158; x_wconf 82' lang='lat'>—</span> <span class='ocrx_word' id='word_1_2' title='bbox 842 132 908 167; x_wconf 84' lang='lat'>112</span> <span class='ocrx_word' id='word_1_3' title='bbox 959 151 1002 155; x_wconf 78' lang='lat'>--</span> 
     </span>
    </p>
   </div>
   <div class='ocr_carea' id='block_1_2' title="bbox 719 271 1042 304">
    <p class='ocr_par' dir='ltr' id='par_1_2' title="bbox 719 271 1042 304">
     <span class='ocr_line' id='line_1_2' title="bbox 719 271 1042 304; baseline -0.006 0"><span class='ocrx_word' id='word_1_4' title='bbox 719 273 780 304; x_wconf 83' lang='lat'>189.</span> <span class='ocrx_word' id='word_1_5' title='bbox 823 273 863 304; x_wconf 88' lang='lat' dir='ltr'>De</span> <span class='ocrx_word' id='word_1_6' title='bbox 884 281 908 304; x_wconf 90' lang='lat' dir='ltr'>s.</span> <span class='ocrx_word' id='word_1_7' title='bbox 929 271 1042 304; x_wconf 84' lang='lat' dir='ltr'>Cirino.</span> 
     </span>
    </p>
   </div>
   <div class='ocr_carea' id='block_1_3' title="bbox 224 360 1383 405">
    <p class='ocr_par' dir='ltr' id='par_1_3' title="bbox 224 360 1383 405">
     <span class='ocr_line' id='line_1_3' title="bbox 224 360 1383 405; baseline -0.004 -8"><span class='ocrx_word' id='word_1_8' title='bbox 224 366 254 397; x_wconf 87' lang='lat'>1.</span> <span class='ocrx_word' id='word_1_9' title='bbox 281 365 430 396; x_wconf 85' lang='lat' dir='ltr'>Exsultet</span> <span class='ocrx_word' id='word_1_10' title='bbox 457 364 548 405; x_wconf 83' lang='lat' dir='ltr'>plebs</span> <span class='ocrx_word' id='word_1_11' title='bbox 574 363 714 396; x_wconf 85' lang='lat' dir='ltr'>fidelium</span> <span class='ocrx_word' id='word_1_12' title='bbox 909 364 940 395; x_wconf 90' lang='lat'>4.</span> <span class='ocrx_word' id='word_1_13' title='bbox 968 362 1031 394; x_wconf 92' lang='lat' dir='ltr'>Hic</span> <span class='ocrx_word' id='word_1_14' title='bbox 1057 361 1176 394; x_wconf 83' lang='lat' dir='ltr'>Christi</span> <span class='ocrx_word' id='word_1_15' title='bbox 1201 360 1383 392; x_wconf 88' lang='lat' dir='ltr'>testimonio</span> 
     </span>
    </p>
   </div>
   <div class='ocr_carea' id='block_1_4' title="bbox 222 408 1478 1023">
    <p class='ocr_par' dir='ltr' id='par_1_4' title="bbox 280 408 1443 548">
     <span class='ocr_line' id='line_1_4' title="bbox 283 408 1443 449; baseline -0.005 -4"><span class='ocrx_word' id='word_1_16' title='bbox 283 413 413 445; x_wconf 86' lang='lat' dir='ltr'>Festum</span> <span class='ocrx_word' id='word_1_17' title='bbox 441 413 574 444; x_wconf 86' lang='lat' dir='ltr'>colendo</span> <span class='ocrx_word' id='word_1_18' title='bbox 599 421 736 443; x_wconf 81' lang='lat' dir='ltr'>annuum</span> <span class='ocrx_word' id='word_1_19' title='bbox 967 409 1074 442; x_wconf 81' lang='lat' dir='ltr'>Motae</span> <span class='ocrx_word' id='word_1_20' title='bbox 1100 417 1291 449; x_wconf 86' lang='lat' dir='ltr'>suppressus</span> <span class='ocrx_word' id='word_1_21' title='bbox 1315 408 1443 440; x_wconf 86' lang='lat' dir='ltr'>vinculo</span> 
     </span>
     <span class='ocr_line' id='line_1_5' title="bbox 282 456 1326 500; baseline -0.003 -9"><span class='ocrx_word' id='word_1_22' title='bbox 282 460 391 491; x_wconf 82' lang='lat' dir='ltr'>Sancti</span> <span class='ocrx_word' id='word_1_23' title='bbox 417 460 516 492; x_wconf 88' lang='lat' dir='ltr'>Cirini</span> <span class='ocrx_word' id='word_1_24' title='bbox 543 459 703 500; x_wconf 71' lang='lat' dir='ltr'>martyris,</span> <span class='ocrx_word' id='word_1_25' title='bbox 967 457 1148 488; x_wconf 87' lang='lat' dir='ltr'>Intruditur</span> <span class='ocrx_word' id='word_1_26' title='bbox 1171 456 1204 488; x_wconf 88' lang='lat' dir='ltr'>in</span> <span class='ocrx_word' id='word_1_27' title='bbox 1229 456 1326 489; x_wconf 82' lang='lat' dir='ltr'>fluvio</span> 
     </span>
     <span class='ocr_line' id='line_1_6' title="bbox 280 504 1265 548; baseline 0 -10"><span class='ocrx_word' id='word_1_28' title='bbox 280 507 404 539; x_wconf 83' lang='lat' dir='ltr'>Fidelis</span> <span class='ocrx_word' id='word_1_29' title='bbox 430 507 534 548; x_wconf 85' lang='lat' dir='ltr'>gregis</span> <span class='ocrx_word' id='word_1_30' title='bbox 559 507 726 546; x_wconf 81' lang='lat' dir='ltr'>praesulis.</span> <span class='ocrx_word' id='word_1_31' title='bbox 966 505 1110 537; x_wconf 80' lang='lat' dir='ltr'>Amantii</span> <span class='ocrx_word' id='word_1_32' title='bbox 1135 504 1265 538; x_wconf 88' lang='lat' dir='ltr'>iudicio.</span> 
     </span>
    </p>

    <p class='ocr_par' dir='ltr' id='par_1_5' title="bbox 222 599 1478 785">
     <span class='ocr_line' id='line_1_7' title="bbox 222 599 1407 641; baseline -0.002 -8"><span class='ocrx_word' id='word_1_33' title='bbox 222 603 253 633; x_wconf 89' lang='grc'>2.</span> <span class='ocrx_word' id='word_1_34' title='bbox 279 602 349 641; x_wconf 87' lang='lat' dir='ltr'>Qui,</span> <span class='ocrx_word' id='word_1_35' title='bbox 377 611 447 633; x_wconf 90' lang='lat' dir='ltr'>cum</span> <span class='ocrx_word' id='word_1_36' title='bbox 473 602 505 633; x_wconf 93' lang='lat' dir='ltr'>in</span> <span class='ocrx_word' id='word_1_37' title='bbox 531 601 669 641; x_wconf 84' lang='lat' dir='ltr'>pueritia</span> <span class='ocrx_word' id='word_1_38' title='bbox 905 602 935 633; x_wconf 87' lang='lat'>5.</span> <span class='ocrx_word' id='word_1_39' title='bbox 964 600 1053 632; x_wconf 84' lang='lat' dir='ltr'>Tunc</span> <span class='ocrx_word' id='word_1_40' title='bbox 1078 601 1110 631; x_wconf 92' lang='lat' dir='ltr'>in</span> <span class='ocrx_word' id='word_1_41' title='bbox 1136 600 1198 632; x_wconf 89' lang='lat' dir='ltr'>Dei</span> <span class='ocrx_word' id='word_1_42' title='bbox 1223 599 1407 640; x_wconf 81' lang='lat' dir='ltr'>praesentia</span> 
     </span>
     <span class='ocr_line' id='line_1_8' title="bbox 281 647 1478 689; baseline -0.002 -9"><span class='ocrx_word' id='word_1_43' title='bbox 281 649 374 689; x_wconf 82' lang='lat' dir='ltr'>Legis</span> <span class='ocrx_word' id='word_1_44' title='bbox 400 653 526 680; x_wconf 82' lang='lat' dir='ltr'>secutus</span> <span class='ocrx_word' id='word_1_45' title='bbox 551 649 667 689; x_wconf 82' lang='lat' dir='ltr'>studia,</span> <span class='ocrx_word' id='word_1_46' title='bbox 964 649 1108 680; x_wconf 87' lang='lat' dir='ltr'><strong>Palmam</strong></span> <span class='ocrx_word' id='word_1_47' title='bbox 1135 652 1247 680; x_wconf 90' lang='lat' dir='ltr'>tenens</span> <span class='ocrx_word' id='word_1_48' title='bbox 1273 648 1306 680; x_wconf 91' lang='lat' dir='ltr'>in</span> <span class='ocrx_word' id='word_1_49' title='bbox 1333 647 1478 684; x_wconf 83' lang='lat' dir='ltr'>dextera,</span> 
     </span>
     <span class='ocr_line' id='line_1_9' title="bbox 282 696 1420 737; baseline 0 -10"><span class='ocrx_word' id='word_1_50' title='bbox 282 697 416 728; x_wconf 82' lang='lat' dir='ltr'>Virtutis</span> <span class='ocrx_word' id='word_1_51' title='bbox 442 706 581 728; x_wconf 85' lang='lat' dir='ltr'>summae</span> <span class='ocrx_word' id='word_1_52' title='bbox 607 697 709 736; x_wconf 83' lang='lat' dir='ltr'>gratia</span> <span class='ocrx_word' id='word_1_53' title='bbox 963 696 1087 728; x_wconf 86' lang='lat' dir='ltr'>Corona</span> <span class='ocrx_word' id='word_1_54' title='bbox 1114 696 1287 736; x_wconf 85' lang='lat' dir='ltr'><strong>splendens</strong></span> <span class='ocrx_word' id='word_1_55' title='bbox 1312 704 1420 737; x_wconf 85' lang='lat' dir='ltr'>aurea,</span> 
     </span>
     <span class='ocr_line' id='line_1_10' title="bbox 279 743 1395 785; baseline 0.001 -10"><span class='ocrx_word' id='word_1_56' title='bbox 279 744 333 775; x_wconf 88' lang='lat' dir='ltr'>Fit</span> <span class='ocrx_word' id='word_1_57' title='bbox 358 745 485 784; x_wconf 84' lang='lat' dir='ltr'>praesul</span> <span class='ocrx_word' id='word_1_58' title='bbox 511 745 542 776; x_wconf 90' lang='lat' dir='ltr'>in</span> <span class='ocrx_word' id='word_1_59' title='bbox 570 745 715 778; x_wconf 80' lang='lat' dir='ltr'>ecclesia.</span> <span class='ocrx_word' id='word_1_60' title='bbox 963 744 1103 776; x_wconf 80' lang='lat' dir='ltr'>Caelesti</span> <span class='ocrx_word' id='word_1_61' title='bbox 1128 748 1258 785; x_wconf 82' lang='lat' dir='ltr'>saeptus</span> <span class='ocrx_word' id='word_1_62' title='bbox 1283 743 1395 784; x_wconf 83' lang='lat' dir='ltr'>gloria.</span> 
     </span>
    </p>

    <p class='ocr_par' dir='ltr' id='par_1_6' title="bbox 222 839 1444 1023">
     <span class='ocr_line' id='line_1_11' title="bbox 222 839 1425 881; baseline 0 -11"><span class='ocrx_word' id='word_1_63' title='bbox 222 841 253 870; x_wconf 84' lang='lat'>3.</span> <span class='ocrx_word' id='word_1_64' title='bbox 283 839 422 879; x_wconf 86' lang='lat' dir='ltr'>Cumque</span> <span class='ocrx_word' id='word_1_65' title='bbox 449 840 579 871; x_wconf 82' lang='lat' dir='ltr'>doceret</span> <span class='ocrx_word' id='word_1_66' title='bbox 604 840 691 871; x_wconf 85' lang='lat' dir='ltr'>idola</span> <span class='ocrx_word' id='word_1_67' title='bbox 906 843 937 872; x_wconf 80' lang='lat'>6.</span> <span class='ocrx_word' id='word_1_68' title='bbox 965 839 1073 872; x_wconf 87' lang='lat' dir='ltr'>Plebis</span> <span class='ocrx_word' id='word_1_69' title='bbox 1100 848 1185 881; x_wconf 84' lang='lat' dir='ltr'>ergo,</span> <span class='ocrx_word' id='word_1_70' title='bbox 1213 839 1425 878; x_wconf 76' lang='lat' dir='ltr'>sanctissime,</span> 
     </span>
     <span class='ocr_line' id='line_1_12' title="bbox 280 886 1410 927; baseline 0 -9"><span class='ocrx_word' id='word_1_71' title='bbox 280 886 334 918; x_wconf 76' lang='lat' dir='ltr'>Nil</span> <span class='ocrx_word' id='word_1_72' title='bbox 361 896 430 918; x_wconf 90' lang='lat' dir='ltr'>esse</span> <span class='ocrx_word' id='word_1_73' title='bbox 457 896 532 918; x_wconf 85' lang='lat' dir='ltr'>voce</span> <span class='ocrx_word' id='word_1_74' title='bbox 557 888 677 927; x_wconf 80' lang='lat' dir='ltr'>patula,</span> <span class='ocrx_word' id='word_1_75' title='bbox 964 888 1110 919; x_wconf 86' lang='lat' dir='ltr'>Astantis</span> <span class='ocrx_word' id='word_1_76' title='bbox 1137 896 1248 927; x_wconf 88' lang='lat' dir='ltr'>preces</span> <span class='ocrx_word' id='word_1_77' title='bbox 1275 887 1410 926; x_wconf 81' lang='lat' dir='ltr'>suscipe,</span> 
     </span>
     <span class='ocr_line' id='line_1_13' title="bbox 279 934 1444 976; baseline 0 -10"><span class='ocrx_word' id='word_1_78' title='bbox 279 936 307 966; x_wconf 94' lang='lat' dir='ltr'>A</span> <span class='ocrx_word' id='word_1_79' title='bbox 334 939 426 974; x_wconf 84' lang='lat' dir='ltr'>geute</span> <span class='ocrx_word' id='word_1_80' title='bbox 453 940 563 974; x_wconf 88' lang='lat' dir='ltr'>captus</span> <span class='ocrx_word' id='word_1_81' title='bbox 590 935 725 966; x_wconf 87' lang='lat' dir='ltr'>subdola</span> <span class='ocrx_word' id='word_1_82' title='bbox 964 936 1009 966; x_wconf 84' lang='lat' dir='ltr'>Te</span> <span class='ocrx_word' id='word_1_83' title='bbox 1035 934 1166 966; x_wconf 84' lang='lat' dir='ltr'>flectens</span> <span class='ocrx_word' id='word_1_84' title='bbox 1191 936 1275 974; x_wconf 88' lang='lat' dir='ltr'>regis</span> <span class='ocrx_word' id='word_1_85' title='bbox 1302 934 1444 976; x_wconf 81' lang='lat' dir='ltr'>genibus,</span> 
     </span>
     <span class='ocr_line' id='line_1_14' title="bbox 279 982 1408 1023; baseline 0.001 -10"><span class='ocrx_word' id='word_1_86' title='bbox 279 983 362 1013; x_wconf 81' lang='lat' dir='ltr'>Arta</span> <span class='ocrx_word' id='word_1_87' title='bbox 387 982 560 1014; x_wconf 88' lang='lat' dir='ltr'>submissus</span> <span class='ocrx_word' id='word_1_88' title='bbox 588 983 739 1014; x_wconf 85' lang='lat' dir='ltr'>clausula.</span> <span class='ocrx_word' id='word_1_89' title='bbox 966 983 1005 1015; x_wconf 90' lang='lat' dir='ltr'>Ut</span> <span class='ocrx_word' id='word_1_90' title='bbox 1034 987 1147 1023; x_wconf 79' lang='lat' dir='ltr'>parcat.</span> <span class='ocrx_word' id='word_1_91' title='bbox 1173 982 1408 1022; x_wconf 83' lang='lat' dir='ltr'>peccatoribus.</span> 
     </span>
    </p>
   </div>
   <div class='ocr_carea' id='block_1_5' title="bbox 579 1078 1124 1261">
    <p class='ocr_par' dir='ltr' id='par_1_7' title="bbox 579 1078 1124 1261">
     <span class='ocr_line' id='line_1_15' title="bbox 579 1078 1016 1118; baseline -0.002 -7"><span class='ocrx_word' id='word_1_92' title='bbox 579 1079 608 1111; x_wconf 91' lang='lat'>7.</span> <span class='ocrx_word' id='word_1_93' title='bbox 637 1079 724 1109; x_wconf 85' lang='lat' dir='ltr'>Patri</span> <span class='ocrx_word' id='word_1_94' title='bbox 752 1078 820 1110; x_wconf 93' lang='lat' dir='ltr'>Deo</span> <span class='ocrx_word' id='word_1_95' title='bbox 847 1079 889 1109; x_wconf 84' lang='lat' dir='ltr'>sit</span> <span class='ocrx_word' id='word_1_96' title='bbox 914 1079 1016 1118; x_wconf 80' lang='lat' dir='ltr'>gloria</span> 
     </span>
     <span class='ocr_line' id='line_1_16' title="bbox 636 1126 942 1165; baseline 0.003 -9"><span class='ocrx_word' id='word_1_97' title='bbox 636 1126 780 1165; x_wconf 88' lang='lat' dir='ltr'>Filioque</span> <span class='ocrx_word' id='word_1_98' title='bbox 806 1126 942 1157; x_wconf 86' lang='lat' dir='ltr'>victoria</span> 
     </span>
     <span class='ocr_line' id='line_1_17' title="bbox 638 1173 1121 1213; baseline 0.002 -9"><span class='ocrx_word' id='word_1_99' title='bbox 638 1173 714 1204; x_wconf 83' lang='lat' dir='ltr'>Cum</span> <span class='ocrx_word' id='word_1_100' title='bbox 741 1177 851 1205; x_wconf 85' lang='lat' dir='ltr'>sancto</span> <span class='ocrx_word' id='word_1_101' title='bbox 878 1174 921 1204; x_wconf 84' lang='lat' dir='ltr'>sit</span> <span class='ocrx_word' id='word_1_102' title='bbox 947 1174 1121 1213; x_wconf 86' lang='lat' dir='ltr'>spiramine</span> 
     </span>
     <span class='ocr_line' id='line_1_18' title="bbox 638 1221 1124 1261; baseline 0.002 -10"><span class='ocrx_word' id='word_1_103' title='bbox 638 1221 757 1252; x_wconf 87' lang='lat' dir='ltr'>Cuncto</span> <span class='ocrx_word' id='word_1_104' title='bbox 782 1221 946 1253; x_wconf 86' lang='lat' dir='ltr'>subtracto</span> <span class='ocrx_word' id='word_1_105' title='bbox 971 1225 1124 1261; x_wconf 85' lang='lat' dir='ltr'>tempore.</span> 
     </span>
    </p>
   </div>
   <div class='ocr_carea' id='block_1_6' title="bbox 296 1314 1534 1350">
    <p class='ocr_par' dir='ltr' id='par_1_8' title="bbox 296 1314 1534 1350">
     <span class='ocr_line' id='line_1_19' title="bbox 296 1314 1534 1350; baseline 0.003 -10"><span class='ocrx_word' id='word_1_106' title='bbox 296 1314 415 1340; x_wconf 80' lang='lat' dir='ltr'>Collect.</span> <span class='ocrx_word' id='word_1_107' title='bbox 432 1324 483 1340; x_wconf 83' lang='lat' dir='ltr'>ms.</span> <span class='ocrx_word' id='word_1_108' title='bbox 497 1315 683 1342; x_wconf 70' lang='lat' dir='ltr'>Constantini</span> <span class='ocrx_word' id='word_1_109' title='bbox 695 1316 830 1343; x_wconf 83' lang='lat' dir='ltr'>Caietani</span> <span class='ocrx_word' id='word_1_110' title='bbox 846 1324 919 1343; x_wconf 87' lang='lat' dir='ltr'>saec.</span> <span class='ocrx_word' id='word_1_111' title='bbox 938 1315 981 1342; x_wconf 83' lang='lat'>17.</span> <span class='ocrx_word' id='word_1_112' title='bbox 993 1316 1064 1343; x_wconf 76' lang='lat' dir='ltr'>Cod.</span> <span class='ocrx_word' id='word_1_113' title='bbox 1076 1317 1265 1343; x_wconf 57' lang='lat' dir='ltr'>Alexandria.</span> <span class='ocrx_word' id='word_1_114' title='bbox 1277 1315 1313 1343; x_wconf 88' lang='grc'>95</span> <span class='ocrx_word' id='word_1_115' title='bbox 1324 1318 1390 1350; x_wconf 76' lang='grc' dir='ltr'>(ΙΙΙ)</span> <span class='ocrx_word' id='word_1_116' title='bbox 1401 1325 1475 1344; x_wconf 84' lang='lat' dir='ltr'>saec.</span> <span class='ocrx_word' id='word_1_117' title='bbox 1492 1316 1534 1344; x_wconf 83' lang='lat'>17.</span> 
     </span>
    </p>
   </div>
   <div class='ocr_carea' id='block_1_7' title="bbox 660 1475 1092 1506">
    <p class='ocr_par' dir='ltr' id='par_1_9' title="bbox 660 1475 1092 1506">
     <span class='ocr_line' id='line_1_20' title="bbox 660 1475 1092 1506; baseline 0.002 -1"><span class='ocrx_word' id='word_1_118' title='bbox 660 1475 721 1505; x_wconf 78' lang='grc'>190.</span> <span class='ocrx_word' id='word_1_119' title='bbox 763 1475 804 1506; x_wconf 79' lang='lat' dir='ltr'>De</span> <span class='ocrx_word' id='word_1_120' title='bbox 826 1475 919 1506; x_wconf 76' lang='lat' dir='ltr'>beata</span> <span class='ocrx_word' id='word_1_121' title='bbox 940 1475 1092 1506; x_wconf 80' lang='lat' dir='ltr'>Columba.</span> 
     </span>
    </p>
   </div>
   <div class='ocr_carea' id='block_1_8' title="bbox 734 1554 1015 1590">
    <p class='ocr_par' dir='ltr' id='par_1_10' title="bbox 734 1554 1015 1590">
     <span class='ocr_line' id='line_1_21' title="bbox 734 1554 1015 1590; baseline 0.004 -9"><span class='ocrx_word' id='word_1_122' title='bbox 734 1554 788 1581; x_wconf 77' lang='lat' dir='ltr'>Ad</span> <span class='ocrx_word' id='word_1_123' title='bbox 816 1556 1015 1590; x_wconf 70' lang='lat' dir='ltr'>vesperas.</span> 
     </span>
    </p>
   </div>
   <div class='ocr_carea' id='block_1_9' title="bbox 214 1639 1499 2306">
    <p class='ocr_par' dir='ltr' id='par_1_11' title="bbox 222 1639 1470 1826">
     <span class='ocr_line' id='line_1_22' title="bbox 222 1639 1398 1676; baseline 0.004 -6"><span class='ocrx_word' id='word_1_124' title='bbox 222 1641 251 1670; x_wconf 84' lang='lat'>1.</span> <span class='ocrx_word' id='word_1_125' title='bbox 282 1639 366 1672; x_wconf 87' lang='lat' dir='ltr'>Urbs</span> <span class='ocrx_word' id='word_1_126' title='bbox 394 1640 526 1671; x_wconf 81' lang='lat' dir='ltr'>Reatina</span> <span class='ocrx_word' id='word_1_127' title='bbox 549 1641 685 1676; x_wconf 55' lang='lat' dir='ltr'>gaudeat</span> <span class='ocrx_word' id='word_1_128' title='bbox 903 1645 936 1675; x_wconf 83' lang='lat'>4.</span> <span class='ocrx_word' id='word_1_129' title='bbox 965 1643 1226 1676; x_wconf 84' lang='lat' dir='ltr'>Praedicatorum</span> <span class='ocrx_word' id='word_1_130' title='bbox 1254 1644 1398 1676; x_wconf 89' lang='lat' dir='ltr'>inclitum</span> 
     </span>
     <span class='ocr_line' id='line_1_23' title="bbox 277 1687 1439 1732; baseline 0.005 -14"><span class='ocrx_word' id='word_1_131' title='bbox 277 1687 340 1718; x_wconf 87' lang='lat' dir='ltr'>Pro</span> <span class='ocrx_word' id='word_1_132' title='bbox 367 1688 539 1719; x_wconf 80' lang='lat' dir='ltr'>Columbae</span> <span class='ocrx_word' id='word_1_133' title='bbox 566 1689 745 1727; x_wconf 80' lang='lat' dir='ltr'>praeconio,</span> <span class='ocrx_word' id='word_1_134' title='bbox 963 1691 1082 1722; x_wconf 88' lang='lat' dir='ltr'>Ducem</span> <span class='ocrx_word' id='word_1_135' title='bbox 1110 1692 1200 1731; x_wconf 84' lang='lat' dir='ltr'>virgo</span> <span class='ocrx_word' id='word_1_136' title='bbox 1223 1693 1439 1732; x_wconf 86' lang='lat' dir='ltr'>consequitur,</span> 
     </span>
     <span class='ocr_line' id='line_1_24' title="bbox 275 1735 1470 1781; baseline 0.008 -17"><span class='ocrx_word' id='word_1_137' title='bbox 275 1735 361 1773; x_wconf 84' lang='lat' dir='ltr'>Quae</span> <span class='ocrx_word' id='word_1_138' title='bbox 388 1744 470 1766; x_wconf 91' lang='lat' dir='ltr'>nunc</span> <span class='ocrx_word' id='word_1_139' title='bbox 496 1736 527 1766; x_wconf 91' lang='lat' dir='ltr'>in</span> <span class='ocrx_word' id='word_1_140' title='bbox 555 1736 650 1767; x_wconf 74' lang='lat' dir='ltr'>caelis</span> <span class='ocrx_word' id='word_1_141' title='bbox 676 1737 787 1769; x_wconf 83' lang='lat' dir='ltr'>iubilat</span> <span class='ocrx_word' id='word_1_142' title='bbox 962 1738 1078 1770; x_wconf 91' lang='lat' dir='ltr'>Divum</span> <span class='ocrx_word' id='word_1_143' title='bbox 1107 1743 1229 1780; x_wconf 84' lang='lat' dir='ltr'>patrem</span> <span class='ocrx_word' id='word_1_144' title='bbox 1257 1740 1470 1781; x_wconf 83' lang='lat' dir='ltr'>Dominicum‚</span> 
     </span>
     <span class='ocr_line' id='line_1_25' title="bbox 277 1782 1409 1826; baseline 0.006 -12"><span class='ocrx_word' id='word_1_145' title='bbox 277 1782 453 1814; x_wconf 81' lang='lat' dir='ltr'>Coniuncta</span> <span class='ocrx_word' id='word_1_146' title='bbox 480 1783 538 1815; x_wconf 89' lang='lat' dir='ltr'>Dei</span> <span class='ocrx_word' id='word_1_147' title='bbox 566 1784 642 1817; x_wconf 73' lang='lat' dir='ltr'>tilio,</span> <span class='ocrx_word' id='word_1_148' title='bbox 962 1787 1020 1826; x_wconf 84' lang='lat' dir='ltr'>Qui</span> <span class='ocrx_word' id='word_1_149' title='bbox 1048 1788 1135 1818; x_wconf 65' lang='lat' dir='ltr'>eaelo</span> <span class='ocrx_word' id='word_1_150' title='bbox 1162 1788 1253 1819; x_wconf 91' lang='lat' dir='ltr'>nobis</span> <span class='ocrx_word' id='word_1_151' title='bbox 1279 1789 1409 1821; x_wconf 80' lang='lat' dir='ltr'>labitur.</span> 
     </span>
    </p>

    <p class='ocr_par' dir='ltr' id='par_1_12' title="bbox 215 1876 1476 2067">
     <span class='ocr_line' id='line_1_26' title="bbox 215 1876 1457 1923; baseline 0.006 -15"><span class='ocrx_word' id='word_1_152' title='bbox 215 1879 246 1909; x_wconf 85' lang='lat'>2.</span> <span class='ocrx_word' id='word_1_153' title='bbox 275 1876 384 1909; x_wconf 83' lang='lat' dir='ltr'>Infans</span> <span class='ocrx_word' id='word_1_154' title='bbox 412 1878 489 1909; x_wconf 84' lang='lat' dir='ltr'>haec</span> <span class='ocrx_word' id='word_1_155' title='bbox 515 1878 603 1918; x_wconf 85' lang='lat' dir='ltr'>virgo</span> <span class='ocrx_word' id='word_1_156' title='bbox 629 1879 723 1910; x_wconf 86' lang='lat' dir='ltr'>solita</span> <span class='ocrx_word' id='word_1_157' title='bbox 902 1883 933 1913; x_wconf 88' lang='lat'>5.</span> <span class='ocrx_word' id='word_1_158' title='bbox 960 1881 1008 1912; x_wconf 89' lang='lat' dir='ltr'>Tu</span> <span class='ocrx_word' id='word_1_159' title='bbox 1036 1887 1102 1913; x_wconf 84' lang='lat' dir='ltr'>esto</span> <span class='ocrx_word' id='word_1_160' title='bbox 1128 1886 1270 1914; x_wconf 88' lang='lat' dir='ltr'>nostrum</span> <span class='ocrx_word' id='word_1_161' title='bbox 1297 1883 1457 1923; x_wconf 79' lang='lat' dir='ltr'>gaudium,</span> 
     </span>
     <span class='ocr_line' id='line_1_27' title="bbox 277 1925 1445 1971; baseline 0.006 -15"><span class='ocrx_word' id='word_1_162' title='bbox 277 1925 355 1957; x_wconf 83' lang='lat' dir='ltr'>Erat</span> <span class='ocrx_word' id='word_1_163' title='bbox 383 1926 432 1957; x_wconf 83' lang='lat' dir='ltr'>lac</span> <span class='ocrx_word' id='word_1_164' title='bbox 458 1927 554 1957; x_wconf 84' lang='lat' dir='ltr'>semel</span> <span class='ocrx_word' id='word_1_165' title='bbox 581 1935 693 1966; x_wconf 84' lang='lat' dir='ltr'>sugere</span> <span class='ocrx_word' id='word_1_166' title='bbox 961 1930 1020 1967; x_wconf 79' lang='lat' dir='ltr'>Qui</span> <span class='ocrx_word' id='word_1_167' title='bbox 1047 1939 1080 1961; x_wconf 82' lang='lat' dir='ltr'>es</span> <span class='ocrx_word' id='word_1_168' title='bbox 1107 1929 1232 1962; x_wconf 83' lang='lat' dir='ltr'>futurus</span> <span class='ocrx_word' id='word_1_169' title='bbox 1259 1932 1445 1971; x_wconf 87' lang='lat' dir='ltr'>praemium,</span> 
     </span>
     <span class='ocr_line' id='line_1_28' title="bbox 277 1973 1389 2019; baseline 0.006 -15"><span class='ocrx_word' id='word_1_170' title='bbox 277 1973 345 2009; x_wconf 77' lang='lat' dir='ltr'>Die,</span> <span class='ocrx_word' id='word_1_171' title='bbox 373 1983 434 2013; x_wconf 89' lang='lat' dir='ltr'>quo</span> <span class='ocrx_word' id='word_1_172' title='bbox 459 1977 568 2006; x_wconf 83' lang='lat' dir='ltr'>nostra</span> <span class='ocrx_word' id='word_1_173' title='bbox 594 1975 727 2006; x_wconf 79' lang='lat' dir='ltr'>crimina</span> <span class='ocrx_word' id='word_1_174' title='bbox 961 1977 1011 2009; x_wconf 86' lang='lat' dir='ltr'>Sit</span> <span class='ocrx_word' id='word_1_175' title='bbox 1037 1982 1146 2010; x_wconf 82' lang='lat' dir='ltr'>nostra</span> <span class='ocrx_word' id='word_1_176' title='bbox 1171 1979 1204 2010; x_wconf 89' lang='lat' dir='ltr'>in</span> <span class='ocrx_word' id='word_1_177' title='bbox 1230 1983 1262 2010; x_wconf 90' lang='lat' dir='ltr'>te</span> <span class='ocrx_word' id='word_1_178' title='bbox 1287 1980 1389 2019; x_wconf 82' lang='lat' dir='ltr'>gloria</span> 
     </span>
     <span class='ocr_line' id='line_1_29' title="bbox 276 2021 1476 2067; baseline 0.008 -15"><span class='ocrx_word' id='word_1_179' title='bbox 276 2021 421 2053; x_wconf 86' lang='lat' dir='ltr'>Christus</span> <span class='ocrx_word' id='word_1_180' title='bbox 449 2022 578 2053; x_wconf 78' lang='lat' dir='ltr'>detersit</span> <span class='ocrx_word' id='word_1_181' title='bbox 607 2023 768 2064; x_wconf 83' lang='lat' dir='ltr'>sanguine.</span> <span class='ocrx_word' id='word_1_182' title='bbox 961 2025 1023 2056; x_wconf 87' lang='lat' dir='ltr'>Per</span> <span class='ocrx_word' id='word_1_183' title='bbox 1048 2030 1162 2058; x_wconf 84' lang='lat' dir='ltr'>cuncta</span> <span class='ocrx_word' id='word_1_184' title='bbox 1187 2036 1314 2067; x_wconf 86' lang='lat' dir='ltr'>semper</span> <span class='ocrx_word' id='word_1_185' title='bbox 1339 2029 1476 2062; x_wconf 80' lang='lat' dir='ltr'>saecula.</span> 
     </span>
    </p>

    <p class='ocr_par' dir='ltr' id='par_1_13' title="bbox 214 2117 1499 2306">
     <span class='ocr_line' id='line_1_30' title="bbox 214 2117 1340 2165; baseline 0.007 -18"><span class='ocrx_word' id='word_1_186' title='bbox 214 2118 246 2148; x_wconf 83' lang='lat'>3.</span> <span class='ocrx_word' id='word_1_187' title='bbox 276 2117 397 2148; x_wconf 84' lang='lat' dir='ltr'>Adulta</span> <span class='ocrx_word' id='word_1_188' title='bbox 425 2126 551 2148; x_wconf 84' lang='lat' dir='ltr'>carnem</span> <span class='ocrx_word' id='word_1_189' title='bbox 578 2117 692 2149; x_wconf 89' lang='lat' dir='ltr'>subicit</span> <span class='ocrx_word' id='word_1_190' title='bbox 901 2121 933 2153; x_wconf 85' lang='grc'>6.</span> <span class='ocrx_word' id='word_1_191' title='bbox 961 2120 1073 2153; x_wconf 80' lang='lat' dir='ltr'>Gloria</span> <span class='ocrx_word' id='word_1_192' title='bbox 1099 2122 1166 2162; x_wconf 87' lang='lat' dir='ltr'>tibi,</span> <span class='ocrx_word' id='word_1_193' title='bbox 1194 2123 1340 2165; x_wconf 87' lang='lat' dir='ltr'>Domine,</span> 
     </span>
     <span class='ocr_line' id='line_1_31' title="bbox 276 2165 1439 2215; baseline 0.009 -19"><span class='ocrx_word' id='word_1_194' title='bbox 276 2165 408 2204; x_wconf 83' lang='lat' dir='ltr'>Ciliciis,</span> <span class='ocrx_word' id='word_1_195' title='bbox 436 2165 554 2204; x_wconf 80' lang='lat' dir='ltr'>inedia,</span> <span class='ocrx_word' id='word_1_196' title='bbox 961 2169 1021 2207; x_wconf 86' lang='lat' dir='ltr'>Qui</span> <span class='ocrx_word' id='word_1_197' title='bbox 1047 2171 1175 2202; x_wconf 84' lang='lat' dir='ltr'>scandis</span> <span class='ocrx_word' id='word_1_198' title='bbox 1201 2181 1297 2213; x_wconf 87' lang='lat' dir='ltr'>super</span> <span class='ocrx_word' id='word_1_199' title='bbox 1321 2173 1439 2215; x_wconf 80' lang='lat' dir='ltr'>sidera,</span> 
     </span>
     <span class='ocr_line' id='line_1_32' title="bbox 276 2212 1499 2263; baseline 0.01 -20"><span class='ocrx_word' id='word_1_200' title='bbox 276 2212 430 2244; x_wconf 79' lang='lat' dir='ltr'>Habitum</span> <span class='ocrx_word' id='word_1_201' title='bbox 457 2214 585 2245; x_wconf 84' lang='lat' dir='ltr'>tandem</span> <span class='ocrx_word' id='word_1_202' title='bbox 611 2214 745 2254; x_wconf 89' lang='lat' dir='ltr'>suscipit</span> <span class='ocrx_word' id='word_1_203' title='bbox 965 2216 1041 2248; x_wconf 91' lang='lat' dir='ltr'>Cum</span> <span class='ocrx_word' id='word_1_204' title='bbox 1068 2223 1160 2257; x_wconf 84' lang='lat' dir='ltr'>patre</span> <span class='ocrx_word' id='word_1_205' title='bbox 1187 2223 1219 2250; x_wconf 87' lang='lat' dir='ltr'>et</span> <span class='ocrx_word' id='word_1_206' title='bbox 1243 2224 1356 2253; x_wconf 84' lang='lat' dir='ltr'>sancto</span> <span class='ocrx_word' id='word_1_207' title='bbox 1382 2223 1499 2263; x_wconf 88' lang='lat' dir='ltr'>spiritu</span> 
     </span>
     <span class='ocr_line' id='line_1_33' title="bbox 275 2261 1384 2306; baseline 0.01 -15"><span class='ocrx_word' id='word_1_208' title='bbox 275 2261 406 2292; x_wconf 79' lang='lat' dir='ltr'>Sacrum</span> <span class='ocrx_word' id='word_1_209' title='bbox 432 2261 472 2293; x_wconf 89' lang='lat' dir='ltr'>de</span> <span class='ocrx_word' id='word_1_210' title='bbox 497 2262 704 2302; x_wconf 84' lang='lat' dir='ltr'>paenitentia.</span> <span class='ocrx_word' id='word_1_211' title='bbox 960 2265 998 2297; x_wconf 93' lang='lat' dir='ltr'>In</span> <span class='ocrx_word' id='word_1_212' title='bbox 1024 2267 1219 2306; x_wconf 57' lang='lat' dir='ltr'>sempiterni</span> <span class='ocrx_word' id='word_1_213' title='bbox 1245 2270 1384 2303; x_wconf 79' lang='lat' dir='ltr'>saecula.</span> 
     </span>
    </p>
   </div>
   <div class='ocr_carea' id='block_1_10' title="bbox 295 2354 1533 2402">
    <p class='ocr_par' dir='ltr' id='par_1_14' title="bbox 295 2354 1533 2402">
     <span class='ocr_line' id='line_1_34' title="bbox 295 2354 1533 2402; baseline 0.011 -21"><span class='ocrx_word' id='word_1_214' title='bbox 295 2355 416 2382; x_wconf 77' lang='lat' dir='ltr'>Collect.</span> <span class='ocrx_word' id='word_1_215' title='bbox 439 2365 492 2382; x_wconf 83' lang='lat' dir='ltr'>uis.</span> <span class='ocrx_word' id='word_1_216' title='bbox 515 2364 589 2383; x_wconf 78' lang='lat' dir='ltr'>saec.</span> <span class='ocrx_word' id='word_1_217' title='bbox 615 2354 657 2383; x_wconf 89' lang='grc'>16.</span> <span class='ocrx_word' id='word_1_218' title='bbox 681 2354 722 2392; x_wconf 83' lang='lat' dir='ltr'>[et</span> <span class='ocrx_word' id='word_1_219' title='bbox 746 2355 802 2393; x_wconf 84' lang='lat' dir='ltr'>17.J</span> <span class='ocrx_word' id='word_1_220' title='bbox 825 2357 894 2385; x_wconf 84' lang='lat' dir='ltr'>cod.</span> <span class='ocrx_word' id='word_1_221' title='bbox 916 2360 1051 2387; x_wconf 61' lang='lat' dir='ltr'>Vane-m.</span> <span class='ocrx_word' id='word_1_222' title='bbox 1074 2358 1159 2388; x_wconf 73' lang='lat'>6⁹78.</span> <span class='ocrx_word' id='word_1_223' title='bbox 1175 2364 1286 2391; x_wconf 83' lang='lat' dir='ltr'>—Aus</span> <span class='ocrx_word' id='word_1_224' title='bbox 1308 2366 1389 2392; x_wconf 80' lang='lat' dir='ltr'>einei</span> <span class='ocrx_word' id='word_1_225' title='bbox 1403 2366 1465 2402; x_wconf 87' lang='lat' dir='ltr'>Sup</span> <span class='ocrx_word' id='word_1_226' title='bbox 1467 2367 1533 2402; x_wconf 86' lang='lat' dir='ltr'>plik</span> 
     </span>
    </p>
   </div>
   <div class='ocr_carea' id='block_1_11' title="bbox 212 2393 1532 2459">
    <p class='ocr_par' dir='ltr' id='par_1_15' title="bbox 212 2393 1532 2459">
     <span class='ocr_line' id='line_1_35' title="bbox 212 2393 1532 2459; baseline 0.011 -40"><span class='ocrx_word' id='word_1_227' title='bbox 212 2393 312 2459; x_wconf 51' lang='grc' dir='ltr'>ἓῑῗπξ</span> <span class='ocrx_word' id='word_1_228' title='bbox 315 2394 539 2459; x_wconf 39' lang='lat' dir='ltr'>ri&#39;sseruphinus</span> <span class='ocrx_word' id='word_1_229' title='bbox 560 2395 682 2422; x_wconf 82' lang='lat' dir='ltr'>Raetius</span> <span class='ocrx_word' id='word_1_230' title='bbox 704 2396 736 2423; x_wconf 94' lang='lat' dir='ltr'>O.</span> <span class='ocrx_word' id='word_1_231' title='bbox 760 2396 806 2430; x_wconf 91' lang='lat' dir='ltr'>P.</span> <span class='ocrx_word' id='word_1_232' title='bbox 835 2397 920 2425; x_wconf 87' lang='lat' dir='ltr'>Prior</span> <span class='ocrx_word' id='word_1_233' title='bbox 940 2399 971 2424; x_wconf 87' lang='lat' dir='ltr'>in</span> <span class='ocrx_word' id='word_1_234' title='bbox 992 2399 1032 2426; x_wconf 85' lang='lat' dir='ltr'>Pe</span> <span class='ocrx_word' id='word_1_235' title='bbox 1018 2401 1133 2435; x_wconf 77' lang='lat' dir='ltr'>erugia</span> <span class='ocrx_word' id='word_1_236' title='bbox 1164 2410 1201 2428; x_wconf 87' lang='lat' dir='ltr'>an</span> <span class='ocrx_word' id='word_1_237' title='bbox 1223 2402 1336 2439; x_wconf 83' lang='lat' dir='ltr'>Gregor</span> <span class='ocrx_word' id='word_1_238' title='bbox 1356 2404 1441 2432; x_wconf 84' lang='lat' dir='ltr'>XIII.</span> <span class='ocrx_word' id='word_1_239' title='bbox 1465 2415 1532 2433; x_wconf 85' lang='lat' dir='ltr'>vom</span> 
     </span>
    </p>
   </div>
  </div>
 </body>
</html>
