1653 2656
731 131 987 166 -104—

641 263 700 295 174.
741 263 782 294 De
804 264 913 293 sancto
934 260 1075 292 Botuido.

716 333 767 359 Ad
794 333 994 368 Vesperas.

203 412 234 443 1.
264 411 386 452 Gaude,
415 411 560 443 caelestis
587 412 711 449 civitas,

259 458 359 490 Grata
386 459 574 497 depromens
601 460 735 499 cantica,

261 506 389 538 Botuidi
414 507 500 537 clara
526 507 678 538 sanctitas

260 554 369 585 Laude
394 554 477 585 lucet
504 553 680 594 magnifica.

199 640 231 673 2.
258 640 408 671 Laetetur
435 640 666 672 Sudermannia

259 687 336 718 Tale
362 687 541 726 producens
567 687 677 729 lilium,

259 734 504 774 Congratuletur
529 735 646 775 Anglia

256 782 391 813 Tantum
419 782 584 822 baptizans
611 782 719 815 filium.

198 868 230 899 3.
258 867 366 899 Verba
393 867 497 899 David
524 877 563 899 ne
590 868 731 908 effluant,

259 915 355 946 Cordi
379 916 501 946 curavit
528 917 674 948 tradere:

257 963 398 994 Divitiae
424 964 449 993 si
476 963 620 1001 affluant,

258 1010 366 1041 Nolite
393 1020 446 1041 cor
471 1012 643 1051 adponere.

884 412 916 444 4.
942 409 1001 443 Iob
1027 409 1129 441 sancti
1156 417 1277 440 memor
1302 417 1432 449 operum

944 458 1093 490 Sectatur
1117 456 1342 495 innocentiam,

945 505 1076 546 Tobiae,
1103 505 1206 546 patris
1229 513 1417 544 pauperum,

946 553 1080 585 Secutus
1107 557 1155 584 est
1179 552 1393 586 elementiam.

911 665 918 672 .
946 639 1022 670 Post
1047 638 1162 679 impios
1188 647 1249 669 non
1277 637 1357 669 abiit

944 686 1013 718 Nee
1039 687 1164 726 adpetit
1189 687 1366 725 terrestria,

945 734 1009 766 Sed
1035 743 1113 766 onus
1140 734 1210 766 leve
1237 734 1334 767 subiit

943 783 1054 822 Regna
1077 786 1187 822 petens
1215 782 1378 814 caelestia.

909 896 916 903 .
944 869 969 901 Ο
997 867 1152 900 fortitudo
1178 871 1364 909 martyrum,

944 916 1082 958 Christe,
1108 916 1238 947 Botuidi
1265 916 1414 956 precibus

943 965 1093 1003 Optatum
1120 964 1211 995 nobis
1239 963 1383 995 bravium

944 1012 1108 1043 Concedas
1135 1012 1166 1042 in
1194 1012 1395 1046 caelestibus.

271 1096 353 1121 Brev.
383 1097 558 1130 stregnense
592 1098 660 1130 imp.
695 1097 833 1123 Holmiae
861 1095 941 1123 1495.
964 1110 999 1114 —
1028 1096 1095 1131 Vgl.
1132 1097 1300 1132 Klemrniug
1328 1098 1356 1127 Ι,
1386 1095 1423 1124 50
1445 1103 1506 1133 sq.;

194 1133 267 1159 Acta
283 1133 332 1159 SS.
348 1133 402 1159 Inl.
419 1134 484 1162 Vn,
500 1132 564 1160 634.
584 1150 617 1153 —
633 1135 784 1161 versasscr
805 1135 899 1161 dieses
921 1134 979 1161 und
1000 1134 1050 1161 der
1073 1134 1175 1161 beiden
1198 1135 1354 1170 folgenden
1371 1136 1511 1170 Hymneu

195 1171 381 1205 Birgerus
409 1172 605 1206 Gregorii.
634 1172 760 1208 archiep.
784 1173 923 1208 Upsaleu.

635 1313 691 1344 175.
732 1313 774 1344 De
795 1314 902 1343 saneto
925 1312 1063 1344 Botuido.

686 1383 736 1409 Ad
765 1384 1006 1410 Nocturnum.

197 1457 228 1489 1.
255 1457 343 1489 Haec
369 1463 415 1489 est
443 1459 520 1500 dies,
549 1469 640 1499 quam
664 1460 816 1492 Dominus

255 1505 445 1544 Sollennem,
473 1507 598 1546 plenam
626 1508 724 1539 iubilo

256 1553 425 1584 Constituit
450 1554 607 1593 fidelibus,

254 1600 381 1634 Summo
409 1602 571 1634 colendam
599 1603 714 1636 stadie.

196 1687 227 1718 2.
252 1687 440 1727 Pugnabant
466 1697 551 1719 more
577 1689 670 1720 solito

252 1735 402 1775 Mundus,
432 1745 515 1773 care,
544 1736 721 1779 daemonia,

253 1782 315 1814 Sed
345 1783 478 1814 destruit
504 1784 562 1814 hoc
588 1784 692 1816 subito

254 1830 412 1862 Virtutum
439 1832 656 1864 sanctimonia.

877 1462 907 1493 3.
937 1461 1072 1492 Carnem
1100 1461 1218 1493 devicit
1244 1462 1375 1494 castitas

936 1509 988 1540 Ad
1016 1509 1120 1540 caelos
1147 1514 1283 1541 mentem
1312 1511 1449 1550 erigens,

936 1556 1069 1589 Hostem
1096 1556 1187 1598 fugat
1214 1558 1378 1589 humilitas

937 1605 973 1636 In
1001 1605 1083 1636 viam
1110 1606 1198 1645 pacis
1227 1606 1380 1646 dirigens.

903 1715 909 1722 .
937 1691 1051 1722 Mundi
1079 1691 1181 1722 caleat
1207 1693 1357 1724 astutiam

938 1739 1060 1770 Invicta
1087 1740 1188 1770 sancti
1215 1740 1330 1779 pietas,

937 1787 1084 1826 Magnam
1111 1791 1277 1827 praestant
1303 1789 1473 1821 audaciam

937 1834 1018 1873 Spes
1044 1834 1145 1875 firma,
1176 1834 1267 1875 fides,
1295 1837 1423 1870 caritas,

603 1921 634 1951 5.
659 1919 684 1951 Ο
711 1917 865 1951 fortitudo
891 1923 1078 1960 martyrum.

265 2004 448 2030 Breviarium
472 2002 646 2039 Stregnense
669 2005 738 2039 imp.
760 2004 898 2031 Holmiae
922 2004 1004 2032 1495.
1026 2020 1063 2024 —
1084 2007 1148 2042 Vgl.
1171 2007 1341 2045 Klemming
1361 2010 1383 2041 Ι,
1406 2008 1451 2037 52.

627 2135 682 2166 176.
724 2135 765 2167 De
787 2137 893 2167 sancto
915 2136 1053 2167 Botuido.

721 2206 746 2232 A
755 2205 774 2232 d
801 2207 825 2233 L
835 2215 851 2233 a
861 2215 879 2232 u
887 2205 906 2232 d
914 2215 929 2232 e
938 2215 960 2232 s.

185 2284 214 2317 1.
242 2283 372 2315 Botuidi
396 2283 508 2315 laudes
535 2284 639 2315 colere

242 2332 375 2364 Devotis
404 2332 495 2363 decet
522 2332 691 2373 mentibus,

241 2379 300 2419 Qui
326 2389 401 2411 suae
427 2380 532 2420 precis
557 2389 687 2412 munere

240 2427 310 2459 Nos
335 2431 434 2460 servet
459 2439 480 2460 a
509 2429 705 2461 nocentibus.

871 2285 902 2318 2,
931 2283 1054 2324 Corpus
1080 2289 1165 2317 artat
1191 2287 1328 2330 ieiuniis,

931 2333 977 2366 Ut
1003 2341 1120 2364 cornua
1148 2344 1210 2366 non
1237 2336 1351 2379 erigat,

932 2380 1053 2412 Christi
1079 2387 1171 2414 vacat
1199 2383 1372 2426 obsequiis,

931 2428 982 2460 Ne
1005 2429 1166 2462 vanitates
1191 2432 1338 2466 hauriat.
