1653 2656
744 135 989 171 -162—

207 246 238 277 5.
266 243 386 281 Regem
412 241 542 280 privans
568 236 714 277 imperio,
895 233 926 264 7.
953 231 1128 262 Precemur
1148 231 1254 260 mente
1279 225 1393 258 sedula

265 292 396 321 Servum
425 288 530 319 ditans
562 285 702 318 dominio
953 279 1070 311 Omnes
1096 275 1248 309 Germani
1275 273 1400 315 merita,

270 335 478 376 Stupentibus
503 332 682 366 astantibus
955 326 999 359 Ut
1023 325 1086 357 sibi
1111 322 1340 356 famulantibus

266 385 352 416 Nihil
381 383 441 414 fari
469 380 661 413 valentibus.
955 374 1089 405 Peroret
1114 373 1146 404 in
1173 370 1376 403 caelestibus.

205 482 239 513 6.
268 479 418 511 Defuncti
445 486 560 516 corpus
586 476 662 507 socii
895 472 928 504 8.
955 470 1078 507 Houor,
1105 468 1215 508 decuS,
1240 465 1412 505 imperium

268 530 330 559 Suo
357 526 463 566 paruit
488 524 589 562 nutui,
955 518 1002 550 Sit
1030 516 1169 548 creatori
1194 514 1345 551 omnium,

268 575 392 606 Maleus
419 572 482 604 frui
509 571 700 603 caelestibus
955 564 1119 604 Nobisque
1146 563 1201 594 det
1226 565 1384 602 perpetua

268 624 365 662 Quam
393 621 483 652 huius
510 620 594 650 vitae
619 617 778 650 fluctibus.
955 613 1041 645 Almi
1067 611 1221 644 Germani
1247 609 1373 650 gaudia.

283 718 365 743 Brev.
394 724 445 741 ms.
468 715 600 741 Cavense
622 714 690 739 anni
715 710 796 739 1:308.
817 710 888 738 Cod.
911 710 1086 736 Casauaten.
1110 708 1132 734 C
1155 706 1208 737 ΙΙΙ,
1229 703 1247 732 2
1267 703 1372 735 (1575).
1396 717 1432 721 -
1459 700 1485 735 2,
1508 700 1525 728 2

211 759 354 782 ¹Summus.

539 868 603 899 273.
644 868 686 898 De
711 875 735 897 s.
759 866 910 897 Germano
932 862 1194 895 Autisiodorensi.

696 976 699 979 y
749 936 805 963 Ad
834 934 992 963 Laudes.

216 1029 244 1060 1.
271 1028 323 1060 Ad
351 1027 501 1059 Germani
528 1025 694 1057 sollemnia
902 1025 935 1056 5.
965 1022 1079 1054 Caecis
1105 1021 1206 1052 visum
1233 1020 1384 1060 restituit,

272 1077 393 1115 l'angat
423 1075 542 1106 Christi
574 1073 744 1112 praeconia
960 1070 1099 1102 Cleuicis
1125 1078 1267 1109 gressum
1295 1067 1450 1105 reddidit,

273 1123 396 1154 Devota
423 1123 513 1161 plebs
540 1121 682 1153 fidelium
963 1117 1105 1157 Nequam
1131 1117 1264 1156 spiritus
1291 1115 1432 1155 effugans

273 1171 402 1202 Viribus
429 1170 503 1200 totis
531 1169 684 1201 cordium.
959 1165 1003 1197 Et
1027 1170 1169 1196 mortuos
1195 1164 1401 1197 resuscitans

213 1270 246 1299 2.
275 1267 427 1298 Laetetur
454 1265 586 1296 fratrum
615 1264 768 1304 gremium
902 1263 934 1296 6.
963 1261 1087 1294 Clausit
1112 1261 1163 1292 hic
1189 1260 1275 1292 vitae
1300 1260 1469 1291 terminum

276 1314 513 1354 Magnificando
539 1313 707 1344 Dominum
962 1310 1079 1341 Plenus
1106 1308 1233 1340 virtutis
1257 1317 1389 1348 operum

275 1364 311 1394 Ιιι
340 1362 490 1393 Germani
517 1361 646 1393 oraculo
961 1357 1132 1389 Ravennae
1157 1356 1319 1388 territorio

274 1410 359 1441 Dicti
386 1410 604 1441 Autisiodoro.
962 1406 1065 1437 Orans
1091 1410 1123 1436 et
1147 1404 1289 1444 psallens
1315 1403 1462 1436 Domino.

217 1508 248 1539 3.
276 1505 436 1538 Plaudaut
464 1504 578 1536 devote
606 1503 727 1545 clerici,
905 1503 935 1535 7.
963 1500 1172 1533 Transfertur
1197 1499 1239 1532 ad
1266 1500 1416 1531 caelestia

277 1553 404 1585 Diversi
431 1562 524 1584 sexus
550 1553 635 1588 laici,
963 1549 1151 1581 Sanctorum
1179 1547 1281 1579 fretus
1307 1548 1419 1587 gloria,

278 1601 397 1633 Summi
424 1601 507 1640 regis
531 1600 667 1631 mirifica
965 1599 1009 1631 Ut
1035 1607 1092 1629 nos
1117 1607 1136 1628 a
1162 1596 1272 1627 mundi
1298 1595 1425 1627 casibus

278 1650 316 1680 Et
347 1650 413 1680 eius
440 1649 524 1680 serw'
550 1657 659 1687 opera.
966 1645 1097 1677 Eximat
1122 1645 1188 1676 suis
1214 1645 1375 1684 precibus,

217 1747 249 1780 4,
280 1745 423 1776 Contulit
448 1753 481 1775 se
507 1744 718 1785 Britanniam,
904 1744 937 1776 8.
963 1742 1085 1778 Honor,
1114 1741 1221 1779 decus,
1248 1739 1418 1781 imperium

276 1793 439 1824 Lustravit
466 1796 563 1823 totam
591 1791 771 1831 Franciam,
963 1790 1012 1821 Sit
1039 1789 1177 1821 creatori
1202 1789 1353 1826 omnium,

275 1840 448 1872 Doctrinae
474 1849 549 1871 suae
577 1838 695 1870 famina
964 1838 1127 1878 Nobisque
1154 1838 1208 1869 det
1239 1841 1394 1877 perpetua

277 1889 382 1921 Corde
408 1888 531 1928 pellunt
558 1888 752 1928 peccamina.
964 1886 1052 1918 Almi
1078 1885 1232 1918 Germani
1257 1884 1385 1925 gaudia.

296 1984 379 2010 Brev.
401 1991 454 2008 rus.
476 1982 607 2008 Caveuse
629 1983 698 2008 anni
722 1979 806 2009 1308.
827 1981 897 2008 Cod.
920 1981 1096 2008 Casanaten.
1119 1979 1141 2007 C
1162 1980 1215 2011 ΙΙΙ,
1237 1977 1254 2006 2
1274 1978 1381 2013 (1575).

630 2138 697 2168 274.
740 2137 782 2168 De
803 2139 911 2168 sancto
934 2136 1128 2169 Godehardo.

724 2207 773 2233 Ad
802 2208 1044 2234 Nocturnum.

226 2295 258 2327 1.
286 2296 450 2326 Ascendat
476 2295 517 2326 ad
543 2300 585 2329 te,
613 2295 757 2335 Domine,
915 2296 947 2326 2.
974 2295 1078 2326 Instat
1104 2295 1187 2326 enim
1213 2303 1306 2326 sacra
1333 2294 1412 2333 dies,

285 2342 401 2374 Votiva
427 2343 496 2374 laus
522 2342 676 2373 ecclesiae
973 2343 1042 2380 Qua
1069 2341 1296 2374 Gothehardus
1322 2341 1470 2383 pontifex

286 2390 468 2422 Praesentis
494 2390 609 2431 gaudio
636 2388 711 2421 festi
975 2390 1079 2422 Carne
1103 2390 1226 2422 solutus
1250 2390 1369 2430 gaudia

289 2438 460 2470 lubilantis
486 2438 636 2478 hymnum
662 2437 732 2469 tibi.
974 2438 1128 2478 Migravit
1153 2439 1196 2470 ad
1221 2438 1384 2471 caelestia.
