1653 2656
677 154 937 189 —268—

536 289 603 321 449.
645 288 676 318 ln
699 284 905 318 Conversione
927 293 951 314 s.
974 282 1075 314 Pauli.

693 347 743 374 Ad
765 345 920 374 Laudes.

156 433 185 464 1.
213 432 328 462 Sancte
354 429 451 461 Paule
473 427 627 468 apostole,
839 425 871 456 3.
899 423 947 455 Tu
973 422 1055 453 enim
1083 429 1199 453 sanans
1225 417 1408 459 languidos,

212 478 331 509 Doctor
356 476 458 516 plebis
487 475 673 506 catholicae.
899 471 1037 508 Caecos,
1065 469 1197 501 claudos
1223 463 1285 512 [et]
1313 470 1466 506 mortuos,

214 525 300 556 Fave
324 524 444 556 eunctis
471 522 618 554 fidelibus
898 519 1027 558 Dasque
1052 527 1111 557 per
1135 516 1244 548 orbem
1271 513 1422 556 gentibus

215 573 342 604 Festum
367 576 453 603 tuum
481 571 668 602 colentibus.
900 567 1040 598 Verbum
1069 565 1181 597 salutis
1207 563 1364 596 omnibus,

156 661 188 692 2.
216 660 260 690 Te
287 658 442 697 Christus,
472 657 529 688 Dei
557 656 650 687 filius.
839 656 872 686 4.
900 653 993 685 Nunc
1019 661 1094 692 ergo
1119 650 1223 682 nobis.
1251 657 1454 689 quaesumus,

219 707 348 737 vocavit
377 715 443 736 cuin
472 704 648 735 terroribus
901 701 1059 733 Succurre
1085 697 1308 740 peccatoribus

217 756 323 793 'seque
349 754 519 784 multorum
546 752 706 782 hominum
901 749 942 781 Et
970 752 1042 788 post
1068 747 1177 778 mundi
1204 746 1367 777 tristitiam

219 802 323 841 Elegit
350 810 458 832 verum
486 800 651 832 medicum.
902 796 1079 828 Perennem
1108 795 1148 827 da
1173 793 1340 827 laetitiam,

503 890 533 918 5.
562 887 707 918 Praestet
733 885 791 915 hoc
817 884 880 914 tuis
906 883 1055 922 precibus

557 933 674 964 'l'rinus
701 938 731 963 et
757 941 838 963 unus
864 931 1029 966 Dominus,

560 981 618 1019 Qui
647 984 757 1019 regnat
784 979 870 1011 Deus
896 979 1001 1010 omnia

559 1029 621 1060 Per
648 1027 845 1059 saeculorum
873 1026 1010 1058 saecula.

238 1115 340 1141 Dium.
363 1123 414 1140 1115.
436 1113 581 1140 Benediet.
609 1113 712 1138 Bavar.
737 1120 810 1138 saec.
840 1110 882 1137 14.
907 1110 977 1137 (jod.
1001 1109 1173 1136 Altovadeu.
1196 1109 1232 1135 X.

408 1392 437 1422 1.

408 1619 426 1649 10

580 1252 651 1282 450.
693 1252 733 1282 De
757 1255 864 1281 sancto
886 1249 1046 1280 Paxentio.

648 1311 697 1338 Ad
719 1312 824 1346 Vesp.
848 1314 882 1337 et
903 1311 1004 1337 Noct.

465 1390 578 1428 Fulget
605 1388 739 1419 celebris
768 1388 835 1419 dies
863 1387 1052 1418 hominibus.

464 1438 530 1476 Quo
558 1437 596 1466 de
623 1436 763 1466 tenebris
788 1436 907 1466 saeculi
934 1435 1076 1466 inclitum

466 1484 618 1515 Hostibus
646 1484 738 1514 victis
764 1483 910 1516 Christus
938 1484 1122 1514 Paxentium

580 1532 675 1562 Yexit
701 1532 741 1562 ad
769 1536 864 1563 astra.

433 1642 439 1648 .
469 1618 529 1649 Hic
556 1622 692 1657 sanetus,
720 1617 780 1648 Dei
807 1617 948 1656 repletus
974 1616 1086 1656 gratia.

470 1665 608 1696 Deorum
637 1670 744 1703 spreta
772 1665 896 1696 cultura
923 1665 1041 1696 caelica

469 1714 635 1752 Appetens
661 1718 766 1743 terrae
793 1713 922 1751 tempsit
949 1712 1122 1752 peripsima

581 1760 631 1791 Ab
659 1759 802 1791 infantia.

436 1871 442 1878 .
470 1846 617 1877 Matrona
643 1845 770 1884 quidem
799 1845 920 1876 meritis
947 1845 1030 1876 beati

468 1894 570 1925 Huius
596 1903 614 1924 a
639 1893 731 1932 lepra
758 1893 853 1924 rediit
879 1893 984 1931 saluti,

468 1942 552 1973 Mire
576 1951 646 1972 nani
675 1950 759 1978 caro,
788 1940 925 1980 putredo
951 1950 1042 1980 quan]
1070 1941 1159 1979 texit,

582 1989 627 2021 Ut
653 1989 706 2020 nix
733 1987 870 2019 refulsit.

472 2077 609 2115 Patrem,
639 2075 825 2105 daemonum
853 2074 1018 2110 cultorem,
1046 2074 1198 2116 turbavit,

471 2123 605 2154 Hostem
632 2132 665 2153 se
693 2122 854 2154 Christum
882 2120 1035 2153 fatentem
1062 2123 1208 2161 calcavit,

471 2172 588 2211 Regem
617 2170 788 2210 superbum
814 2169 878 2201 fide
905 2170 1068 2209 superavit

585 2220 634 2250 Ac
659 2218 840 2252 satellitem.

437 2331 444 2338 .
472 2307 648 2338 Poenarum
675 2314 809 2345 namque
835 2314 951 2346 genera
976 2305 1087 2337 beatus

471 2354 536 2386 Pro
563 2354 691 2386 Christo
716 2362 811 2385 saeva
837 2362 994 2393 superans
1020 2355 1145 2394 gaudia,

472 2402 632 2442 Sanguine
659 2411 750 2433 sacro
775 2402 952 2440 laureatus,
980 2402 1046 2442 poli

590 2451 672 2481 Vera
700 2450 895 2483 conscendit.
