1653 2656
567 309 636 341 469.
678 307 720 340 De
743 309 853 340 sancta
875 307 1047 339 Restituta.

430 415 461 446 1.
489 413 610 446 Plaude
637 422 729 451 nunc,
756 411 845 446 Sora,
873 420 964 442 sacra
990 410 1050 442 Dei
1077 409 1171 447 dona,

489 462 548 503 En,
577 460 634 491 tibi
661 461 751 492 adest
778 459 989 490 celebrandus
1016 458 1096 497 dies,

489 510 526 540 In
553 517 613 548 quo
640 508 735 540 beata
760 508 849 548 virgo
875 507 1035 538 Restituta

631 555 735 588 Subiit
761 556 893 587 caelum.

429 669 459 700 2.
487 667 575 699 Haec
601 670 670 698 orta
697 666 816 698 Romae
841 665 957 697 nobilis
982 668 1128 696 matrona

488 715 584 747 Ethel
612 715 651 745 de
677 719 779 754 patre,
807 713 912 745 Dabia
939 713 978 745 de
1005 717 1117 751 matre,

488 763 593 795 Testis
619 762 731 794 effecta
756 761 929 793 asserendo
955 761 1082 793 Christo

632 810 739 842 Fortis
761 814 790 841 et
818 819 926 842 verax.

429 923 460 953 3.
490 921 656 953 Consulem
682 921 802 960 sprevit
829 920 962 959 impium
987 927 1128 960 agacem,

489 970 627 1008 Lampas
654 968 799 1010 extinxit,
828 968 958 999 calicem
984 967 1127 1008 resolvit,

494 1017 618 1048 Viduae
644 1016 728 1056 proli
755 1016 900 1047 reddidit
925 1016 1060 1046 salutem

633 1064 761 1095 Christo
784 1064 922 1094 iuvante.

430 1175 462 1206 4.
490 1173 653 1205 Convertit
680 1173 795 1203 multos
823 1172 864 1203 ab
891 1172 1008 1202 erroris
1034 1172 1097 1212 via,

489 1221 630 1260 Longius
656 1220 748 1260 pellit
775 1221 962 1251 daemonum
988 1220 1122 1258 ruinam,

492 1269 628 1307 Propter
654 1268 737 1307 quod
767 1264 915 1310 [nos]met
942 1267 1114 1306 rogitemus
1140 1275 1249 1299 omnes

635 1316 724 1346 Illius
750 1323 873 1354 preceS.

436 1427 468 1458 5.
496 1424 584 1456 Haec
609 1424 701 1464 plebs
729 1425 851 1456 misella
877 1425 1012 1464 supplex
1038 1429 1069 1455 te
1095 1425 1250 1464 appellat,

494 1473 632 1512 Propter
658 1473 740 1512 quod
769 1473 867 1504 sacris
894 1473 1015 1504 meritis
1042 1481 1203 1509 succurre,

495 1519 543 1551 Ne
569 1521 633 1552 suis
661 1521 761 1562 culpis
788 1525 897 1560 pereat
924 1519 1082 1562 nefandiS,

633 1569 717 1607 Quae
744 1569 953 1608 perpetravit.

431 1678 461 1709 6.
489 1676 682 1714 Quaesumus
709 1686 792 1716 ergo,
821 1678 957 1717 gloriosa
985 1679 1083 1720 virgo,

492 1723 618 1755 Nostris
643 1734 701 1764 pro
724 1726 825 1764 culpis
852 1725 1021 1757 Dominum
1047 1735 1192 1766 precare,

491 1772 652 1810 Quatenus
678 1782 809 1812 regnum
836 1773 997 1812 capiamus
1024 1779 1126 1805 tecum

635 1821 670 1852 In
699 1821 935 1860 sempiternum.

228 1929 385 1956 Collectan.
413 1938 465 1955 ms.
491 1937 566 1955 saec.
591 1927 633 1955 17.
654 1929 724 1956 Cod.
746 1929 933 1957 Alexandrin.
955 1929 1000 1957 93.
1022 1945 1057 1949 —
1080 1931 1143 1965 „Ex
1163 1941 1216 1958 ms.
1239 1932 1308 1959 eccl.
1323 1932 1352 1960 S.
1369 1933 1466 1960 Resti-

155 1971 235 1994 tutae
258 1966 413 1994 Son-annes*
436 1983 473 1987 —
497 1965 522 1999 2,
544 1966 562 1994 3
583 1967 620 1994 ad
640 1967 766 1994 verendo
789 1968 913 1994 Christo.
937 1984 972 1987 —
994 1969 1019 2000 5,
1041 1968 1058 1996 3
1080 1972 1142 1997 suis
1162 1970 1251 2006 lupis.

589 2176 657 2206 470.
699 2176 740 2207 De
765 2178 871 2208 sancto
892 2176 1037 2209 Roberto.

153 2281 184 2313 1.
211 2279 332 2319 Gaude,
359 2290 475 2320 sponsa
500 2281 571 2318 Dei,
839 2283 872 2314 2.
899 2282 1002 2313 Adest
1027 2293 1162 2324 namque
1190 2285 1258 2317 dies

259 2332 360 2360 mater
385 2329 528 2365 ecclesia,
947 2336 1056 2363 assunt
1082 2333 1259 2375 sollemnia,

210 2376 316 2408 Mater
339 2381 447 2408 sancta
473 2377 556 2417 spei,
899 2379 937 2410 In
964 2379 1077 2418 quibus
1103 2382 1262 2414 Robertus

259 2424 409 2464 deprome
435 2425 561 2465 gaudia.
948 2433 1078 2460 coronat
1104 2431 1205 2471 gloria
