1653 2656
679 110 975 165 —49—'

133 223 166 256 5.
192 223 218 256 O
243 233 340 264 quam
367 235 516 267 magnum
542 227 743 268 mysterium,
829 228 860 261 7.
887 227 1004 269 Maria,
1032 228 1127 260 stella
1151 228 1305 269 gentium,

191 271 279 304 Ante
305 273 420 306 bovem
447 279 480 306 et
504 275 627 307 asinum
887 275 992 316 Super
1016 280 1106 308 astra
1131 277 1348 317 splendidior,

195 320 292 362 Virgo
319 322 460 362 ponebat
484 322 596 362 filium,
887 324 959 356 Duc
984 334 1041 356 nos
1067 325 1108 356 ad
1135 328 1222 356 tuum
1249 324 1364 364 filiurn,

192 369 280 402 Caeli
307 374 477 412 terraeque
503 372 685 405 Dominum.
888 373 948 412 Qui
975 374 1042 404 sole
1069 372 1170 414 fulget
1196 374 1325 405 clarior.

132 466 164 498 6.
196 465 357 498 Videbant
381 468 535 501 animalia
827 470 858 502 8.
884 469 1032 510 Domum,
1064 473 1190 509 portam
1217 473 1247 501 et
1274 470 1442 512 tumulum,

195 514 300 554 Illum,
327 516 382 556 qui
409 516 465 549 lux
491 521 539 548 est
564 517 697 558 saeculi,
889 517 987 558 Virgo
1014 526 1085 549 cum
1112 521 1188 549 nato
1216 518 1321 558 visita,

191 563 229 594 In
257 564 347 595 cuius
374 564 455 596 lucis
482 565 585 605 gloria
887 565 1006 598 Natum
1034 575 1073 597 ex
1098 566 1169 598 Eva
1194 567 1347 606 populum

192 610 330 652 Utrique
357 617 491 644 currunt
515 614 639 653 populi.
886 615 916 646 A
942 623 1052 646 somno
1078 615 1191 646 mortis
1218 615 1334 647 excita.

583 711 616 743 9.
645 709 757 742 Gloria
782 709 852 751 tibi,
879 710 1027 743 Domine.

209 803 294 831 Brev.
319 805 479 832 Arosiense
501 806 570 841 imp.
592 805 731 833 Basileae
753 803 836 834 1513.
858 820 895 824 —
916 807 982 842 Vgl.
1005 807 1175 842 Klemming
1196 808 1234 839 11,
1259 806 1320 834 166.

569 986 614 1016 75.
656 985 689 1016 In
713 985 904 1017 visitatione
926 985 1012 1016 BMV.

674 1055 722 1082 Ad
748 1056 902 1084 Laudes.

130 1141 161 1174 1.
187 1142 316 1174 Aurora
342 1140 468 1182 fulgens
495 1142 613 1183 radiat,
845 1145 877 1176 6.
903 1143 1010 1175 Vestis
1038 1148 1182 1176 materna
1209 1145 1320 1176 rutilat

186 1189 249 1221 Per
274 1199 369 1230 quam
396 1190 444 1222 sol
471 1190 569 1222 terris
595 1191 710 1230 oritur,
905 1192 1064 1224 Contexta
1089 1193 1314 1231 discoloribus,

187 1238 284 1278 Virgo
311 1238 399 1270 laeta
424 1238 594 1279 tripudiat,
903 1241 968 1274 Cor
993 1244 1092 1279 tuum,
1120 1241 1219 1283 virgo,
1248 1242 1363 1275 iubilat

183 1286 267 1318 Dum
289 1285 439 1318 Christus
466 1295 505 1318 ex
525 1287 585 1319 hae
603 1288 757 1321 nascitur.
904 1289 967 1320 Pro
993 1288 1132 1321 filiorum
1158 1290 1320 1324 laudibus.

122 1383 155 1415 2.
184 1383 277 1424 Veni,
305 1392 324 1414 o
350 1387 453 1414 mater
478 1383 602 1422 inclita,
844 1386 874 1418 7.
902 1384 1082 1417 Scissuram
1108 1390 1182 1417 tuae
1209 1387 1336 1419 tunicae

182 1431 261 1464 Cum
289 1432 393 1463 sancti
419 1430 514 1463 flatus
541 1441 684 1472 munere,
902 1433 988 1465 Tuus
1016 1438 1108 1465 natus
1135 1435 1302 1477 resarciat,

181 1479 249 1511 Nos
277 1483 313 1511 nt
338 1479 514 1512 Iohannem
541 1481 636 1513 visita
902 1481 993 1514 Unus
1019 1486 1131 1522 pastor
1158 1483 1315 1515 catholice

181 1529 218 1561 In
246 1528 340 1560 huius
367 1529 474 1560 carnis
501 1538 642 1563 carcere.
902 1529 997 1562 Suam
1024 1540 1173 1570 sponsam
1202 1532 1374 1565 custodiat.

119 1625 151 1658 3.
179 1625 329 1658 Procede
355 1629 490 1665 portans
516 1626 698 1666 parvulum,
841 1627 871 1659 8.
900 1625 1005 1659 Aufer
1030 1627 1103 1659 lites
1129 1632 1161 1659 et
1187 1628 1361 1661 schismata

177 1673 223 1707 Ut
250 1674 391 1705 mundus
418 1675 522 1713 possit
548 1675 684 1707 credere
900 1675 1107 1707 Credentium
1137 1677 1176 1708 de
1203 1676 1330 1715 finibus,

177 1722 221 1754 Et
249 1727 323 1754 tuae
350 1722 455 1754 laudis
482 1723 610 1755 titulum
902 1724 1111 1764 Tranquillae
1137 1726 1227 1765 pacis
1253 1726 1389 1761 sabbata

177 1771 298 1803 Omnes
325 1772 430 1803 sciant
456 1772 624 1803 extollere.
898 1772 1027 1804 Nostris
1053 1774 1174 1813 praebe
1200 1777 1410 1814 temporibus.

115 1870 148 1902 4.
175 1868 320 1908 Reginae
348 1868 430 1900 caeli
457 1868 610 1908 tunicam,
838 1871 871 1903 9.
897 1871 927 1902 A
954 1870 1092 1902 filiorum
1121 1872 1274 1904 cordibus

172 1917 291 1949 Omnes
318 1921 442 1958 gentes,
471 1917 628 1959 consuite,
896 1919 986 1952 Pelle
1013 1918 1114 1960 frigus
1141 1920 1277 1959 acidiae,

173 1965 268 1998 Hanc
293 1969 429 1998 matrem
457 1965 578 1998 Christi
604 1965 731 1998 unicam
896 1967 1009 1999 Nudos
1035 1971 1107 2008 tege
1134 1977 1204 2000 cum
1233 1969 1374 2001 vestibus

174 2015 419 2047 Immaculatam
446 2014 579 2047 credite.
895 2016 1083 2048 Honestatis
1110 2021 1142 2048 et
1168 2018 1302 2058 gratiae.

113 2113 146 2146 5.
173 2112 293 2153 Maria,
320 2112 393 2145 leva
417 2112 538 2152 oculos,
812 2112 867 2146 10.
895 2113 921 2145 Ο
948 2122 1043 2144 verae
1069 2122 1143 2153 spes
1168 2114 1320 2151 laetitiae,

174 2161 258 2194 Vide
285 2161 457 2193 credentes
483 2161 631 2201 populos,
897 2161 1036 2192 Nostrae
1061 2161 1134 2193 finis
1158 2162 1317 2204 miseriae,

173 2210 220 2242 Te
245 2213 404 2250 quaerunt
430 2209 493 2250 piis
519 2209 691 2252 mentibus,
895 2209 962 2241 Nos
988 2210 1083 2250 iunge
1107 2211 1187 2241 caeli
1215 2211 1324 2242 curiae

172 2259 232 2291 His
259 2258 410 2292 vestieris
436 2257 593 2291 omnibus.
895 2258 1034 2290 Ornatos
1060 2259 1144 2290 stola
1170 2259 1303 2299 gloriae.

539 2356 592 2388 11.
623 2355 737 2388 Gloria
762 2354 834 2394 tibi,
862 2354 1011 2387 Domine.

186 2453 272 2481 Brev.
294 2453 455 2481 Arosiense
476 2453 547 2488 imp.
568 2452 710 2480 Basileae
732 2448 815 2479 1513.
837 2465 875 2470 —
896 2450 963 2487 Vgl.
985 2450 1156 2488 Klemming
1176 2453 1216 2486 H,
1241 2451 1294 2480 173
1317 2454 1343 2480 ff.

167 2513 310 2542 Dreves,
327 2513 434 2542 Hymni
450 2513 564 2536 Inediti.
596 2512 658 2536 vn.
1249 2511 1267 2539 4
