1653 2656
748 151 1004 186 —301-

569 243 625 275 23.
654 241 760 278 Zeloti
788 247 856 280 Deo
883 249 1000 284 decora

702 294 786 327 Laus
812 297 853 327 sit
881 301 912 329 et
942 299 1127 340 hymnidica

653 341 693 373 Et
721 343 791 382 tibi,
818 354 963 387 propago
989 349 1103 389 prima,

701 391 806 423 Patris
835 394 944 433 proles
970 397 1073 432 unica,

651 437 854 480 Flaminique
880 448 990 475 sancto
1017 455 1138 478 summa

698 488 789 519 Assit
814 489 909 522 simul
934 492 1048 532 gloria.

279 600 442 630 collectan.
473 614 523 631 ms.
552 608 581 634 S.
611 607 712 636 vitoni
738 611 931 640 Virdunensis
962 624 1037 642 saec.
1069 615 1110 643 11.
1137 619 1206 645 eod.
1234 620 1394 648 Virdunen.
1426 621 1470 649 77.
1499 640 1535 644 ——-

203 636 228 671 6,
255 636 267 664 I
291 639 396 667 Filius.
418 657 456 661 —
481 642 523 677 17,
547 647 563 672 ὕ
586 646 680 673 Latet.
703 663 741 666 —

647 907 715 938 506.
757 908 799 939 De
821 912 932 941 saneta
955 911 1076 942 Ursula.

196 1017 226 1050 1.
259 1017 426 1058 virginale
452 1024 659 1061 praeconium
894 1032 925 1062 5.
950 1030 1128 1069 Replentur
1155 1033 1214 1064 Dei
1243 1034 1380 1068 famulae

259 1065 431 1100 Collaudet
455 1070 548 1109 plebs
575 1072 718 1104 fidelium

255 1115 358 1146 Voces
386 1120 417 1148 et
444 1122 556 1150 cantus
583 1121 722 1152 omnium

250 1161 344 1194 Audi
370 1165 555 1205 redemptor
577 1169 735 1207 yemium.

188 1291 219 1323 2.
249 1290 347 1331 Virgo
371 1291 489 1331 regalis
520 1292 637 1324 Ursule.

248 1338 408 1370 Mundum
436 1341 559 1380 sprevit
584 1351 654 1373 cum
683 1343 779 1382 vitiis,

246 1387 293 1418 Te
319 1389 484 1427 sequendo
510 1398 569 1428 per
595 1391 733 1431 saecula⁷

247 1434 390 1468 Consors
410 1438 548 1476 paterni
574 1438 721 1473 luminis.

184 1562 217 1592 3.
246 1560 337 1592 Haec
364 1571 501 1602 namque
528 1565 612 1604 regis
639 1565 705 1597 filia

245 1609 308 1640 Pro
335 1614 368 1641 te
393 1612 532 1651 complet
559 1615 759 1663 martyrium,

244 1658 345 1696 Quam
373 1659 461 1699 rapis
487 1661 529 1692 ad
556 1662 708 1694 caelestia

239 1706 312 1738 Rex
340 1706 476 1750 Christe,
503 1711 610 1749 factor
636 1712 795 1744 omnium.

183 1833 214 1864 4.
244 1831 430 1873 Sequuntur
454 1834 557 1874 ipsam
586 1836 740 1878 virginem

243 1882 403 1915 Undenae
429 1883 518 1915 mille
544 1885 696 1928 virgines,

243 1931 306 1962 Pro
332 1936 364 1962 te
391 1930 564 1964 fundentes
591 1936 789 1977 sanguinem,

242 1978 379 2021 Christe,
408 1981 464 2020 qui
490 1981 546 2014 lux
572 1992 603 2015 es
630 1987 658 2016 et
684 1984 763 2018 dies.

885 1570 902 1601 ἱ1

954 1077 1055 1109 Donis
1082 1083 1204 1112 aeterni
1232 1084 1374 1122 spiritus,

952 1126 1037 1164 Quas
1065 1128 1196 1159 decorat
1223 1132 1356 1163 mirifice

950 1173 981 1204 A
1003 1177 1101 1213 patre
1126 1179 1326 1216 uniqenitus.

913 1322 920 1329 .
948 1297 1133 1332 Puellarum
1161 1304 1297 1344 collegia

946 1347 1046 1379 Ducis
1073 1350 1113 1381 ad
1142 1352 1222 1382 caeli
1250 1353 1374 1393 solium,

947 1397 982 1428 In
1009 1406 1071 1436 quo
1099 1399 1269 1439 degustant
1297 1402 1415 1442 dulcia,

944 1444 1031 1485 Iesu,
1060 1457 1181 1478 corum!
1211 1449 1386 1490 rit-qimam.

907 1595 915 1604 .
944 1571 980 1602 In
1007 1580 1114 1603 eurum
1144 1577 1298 1607 memoria

942 1619 1070 1652 Laudes
1097 1623 1230 1654 extollat
1260 1626 1408 1664 populus

941 1668 1138 1702 Collaetetur
1164 1672 1309 1709 ecclesia,

939 1716 1089 1750 Eoesultec
1114 1720 1239 1752 caelum
1270 1721 1435 1756 laudibus.

908 1867 915 1874 .
943 1843 968 1875 Ο
997 1843 1090 1876 dulce
1117 1847 1226 1878 muudi
1253 1849 1392 1887 pretium

941 1891 1006 1923 Per
1032 1893 1191 1933 virginum
1220 1896 1369 1937 suffragia

939 1941 1073 1973 Praesta
1100 1948 1174 1982 post
1201 1944 1261 1976 hoc
1287 1947 1435 1978 exsilium

937 1989 1046 2022 Beata
1072 1992 1166 2024 nobis
1189 1994 1325 2033 gyuudicz.

252 2106 339 2134 Brev.
367 2115 420 2133 ms.
448 2107 634 2136 civitatense
663 2119 740 2138 saec.
771 2110 814 2138 15.
844 2113 915 2140 Cod.
943 2115 1080 2152 Archiep.
1115 2117 1232 2145 Utinen.
1261 2122 1316 2147 Oct
1355 2120 1397 2148 10.
1420 2123 1454 2149 A.
1478 2137 1513 2141 —

172 2145 285 2181 Hymn.
306 2154 360 2173 ms.
382 2146 556 2174 Mosacense
582 2157 659 2176 saec.
684 2148 727 2176 14.
750 2150 820 2178 Cod.
843 2152 980 2188 Archiep.
1004 2156 1124 2182 Utinen.
1149 2158 1210 2184 Ful.
1235 2157 1280 2185 21.
1306 2160 1339 2186 Β.
1363 2177 1397 2180 —
1421 2162 1512 2189 Psalt.

171 2187 201 2211 et
227 2184 328 2220 hymn.
359 2193 413 2211 ms.
435 2187 620 2214 Civitatense
647 2196 724 2216 saec.
750 2188 793 2216 15.
815 2191 885 2218 Cod.
909 2192 1068 2220 Civitateu.
1093 2196 1232 2223 LXXIII.
1259 2199 1288 2224 C.
1313 2214 1345 2217 -
1372 2201 1461 2227 Psalt.
1486 2205 1513 2228 et

169 2223 270 2258 hymn.
303 2233 357 2250 mS.
386 2225 572 2253 Civitatense
604 2235 680 2254 saec.
716 2226 758 2255 14.
791 2228 861 2257 cod.
888 2229 1047 2259 civitaten.
1076 2235 1199 2262 LXXII.
1234 2238 1266 2263 l).
1296 2252 1328 2255 -—
1359 2239 1451 2266 Psalt.
1485 2244 1513 2267 et

168 2262 269 2298 hymn.
301 2271 356 2290 ms.
385 2262 569 2292 civitatense
602 2274 681 2293 saec.
712 2265 755 2294 15.
786 2268 860 2296 cod.
889 2270 1050 2298 civitaten.
1079 2273 1188 2300 LXIX.
1217 2275 1252 2301 E.
1281 2292 1314 2295 —
1344 2278 1430 2304 L'rev.
1459 2288 1510 2306 ms.

168 2302 355 2329 Civitatense
385 2303 457 2328 anni
488 2301 562 2330 1476
593 2304 663 2332 Cod.
687 2306 846 2334 Civitaten.
869 2309 1005 2336 LXXIV.
1034 2310 1093 2343 (26)
1116 2313 1144 2339 1³.
1191 2313 1219 2341 1.
1249 2312 1267 2340 2
1288 2316 1403 2344 Laudet
1425 2319 1512 2345 turha

165 2340 299 2367 fidelium
328 2341 363 2367 A.
384 2354 423 2358 —-
447 2340 478 2374 1,
505 2340 524 2369 3
550 2343 646 2371 Voces
676 2348 705 2372 te
732 2346 966 2375 collaudantium
992 2350 1026 2376 A.
1049 2365 1085 2368 —
1107 2350 1140 2381 3,

1168 2352 1185 2379 4
1208 2354 1269 2380 h'ex
1298 2360 1386 2391 atquc
1416 2357 1511 2395 factor

165 2379 199 2406 Β.
220 2393 258 2398 -—
279 2378 313 2410 4.
346 2379 359 2406 1
390 2379 491 2414 Ipsam
521 2386 685 2416 sequuntur
712 2385 746 2411 Α.
770 2400 807 2404 -
828 2384 860 2418 8,
888 2384 906 2413 2
935 2387 993 2415 Per
1020 2398 1121 2416 earum
1151 2391 1291 2427 suffragia
1314 2396 1347 2421 A.
1374 2411 1405 2415 —
1431 2398 1464 2429 ὅ,
1492 2396 1509 2423 13.

166 2419 214 2445 Da
234 2419 322 2446 nobis
344 2422 414 2454 post
435 2419 573 2448 exsilium
595 2422 631 2449 A.
655 2437 692 2441 —
717 2421 745 2456 8,
766 2422 785 2451 4
806 2424 935 2453 Aeterna
958 2427 1069 2455 Christi
1091 2430 1202 2465 gaudia
1226 2432 1260 2457 Α.
