1653 2656
743 147 1005 183 —287—

207 232 240 265 3.
269 232 355 266 Hinc
381 237 462 268 caeli
490 240 577 272 canit
604 243 693 274 curia

267 282 446 317 Intermiua
471 287 609 331 laetitia,

267 329 354 363 Hinc
379 340 534 372 personat
560 338 699 371 melodia

269 378 409 412 Caelesti
437 391 506 414 cum
535 384 729 421 hierarchia.

906 249 938 280 4.
966 249 1032 280 Iam
1061 253 1142 282 tanti
1168 262 1227 292 per
1252 254 1403 296 suffragia

966 296 1033 329 Nos
1059 299 1192 332 caelibis
1224 303 1366 343 propitia

964 344 1086 386 Dignos
1113 348 1209 380 ducat
1235 350 1276 382 ad
1303 353 1421 391 gaudia

966 393 1049 426 Vera
1076 405 1201 436 quoque
1227 399 1379 432 sotheria.

567 499 599 529 5.
628 497 713 529 Laus
740 499 809 532 Deo
835 502 922 540 patri
949 503 991 534 sit
1017 505 1081 544 pia,

626 546 786 579 Immeusa
812 552 1006 589 reverentia,

621 594 650 625 A
677 603 740 634 quo
766 601 873 629 manat
901 599 1080 643 clementia,

623 641 745 675 Sancto
773 643 916 684 Sigfrido
941 647 1055 687 gloria.

274 746 405 781 Legend.
437 758 490 776 ms,
517 750 671 778 Laurentii
699 752 811 781 odonis
840 756 1001 793 Lincopen.
1030 768 1105 786 saec.
1138 760 1207 788 ulia.
1238 765 1307 790 Cod.
1339 766 1478 793 Dresden.
1508 766 1530 794 A

195 781 259 810 182.
289 784 322 810 Α.
347 800 380 804 —
403 786 472 813 Ant.
503 792 532 814 et
559 789 658 824 hymn.
687 800 740 817 ms.
768 793 911 822 Scarense
941 805 1017 823 saec.
1039 796 1096 833 [14.
1120 797 1161 835 et]
1186 800 1227 828 15.
1251 803 1322 829 eod.
1347 805 1486 839 Upsalt-u.
1511 806 1532 832 C

192 819 258 848 422.
283 823 315 849 Β.
340 838 378 842 -
399 825 486 853 Brev.
519 827 705 864 Li11copense
728 832 796 866 imp.
819 833 1032 871 Norimbergae
1057 836 1137 864 1493.
1161 840 1190 866 C.
1218 856 1247 859 —
1275 840 1297 869 l,
1323 841 1334 868 1
1359 846 1387 869 et
1409 853 1527 878 prat-es·-

192 861 243 887 nia
264 861 296 887 B.
322 877 357 880 ——
380 862 404 890 1Δ
426 862 443 890 2
466 865 628 893 VVarendia
649 869 682 894 A.
705 869 854 897 Verendia
875 873 909 898 A.
929 888 965 891 —-
987 873 1013 906 ⁴2,
1039 874 1050 901 l
1074 878 1138 903 eius
1161 877 1191 904 C.
1209 893 1242 897 —
1259 878 1285 909 2,
1309 879 1326 906 4
1349 881 1526 909 Wexionen-

192 900 233 925 sis
263 901 295 925 C.
317 915 354 919 —
376 902 435 929 Str.
463 902 481 930 3
512 904 586 931 fehlt
612 906 671 932 AC.
693 921 730 926 —
751 907 777 939 4.
808 908 820 935 1
851 910 926 937 Nam
951 913 1007 940 Bc.
1030 928 1065 931 —
1088 913 1115 946 4,
1139 913 1156 942 2
1178 917 1238 943 Nos
1261 919 1377 945 civibus
1400 923 1530 956 propitia

191 939 224 964 B.
250 953 270 957 -
306 938 333 972 4,
356 939 374 967 4
397 950 514 978 quoque
537 943 677 971 aetherea
699 946 758 974 AC.
780 961 817 966 —-
839 950 899 975 Aus
922 949 944 976 C
966 951 1135 988 Klemming
1156 955 1178 986 Ι,
1204 954 1257 983 160
1278 966 1321 992 sq.

595 1138 664 1169 483.
706 1140 748 1170 De
773 1149 811 1172 ss.
835 1141 956 1174 Simone
979 1147 1010 1175 et
1031 1145 1118 1177 Iuda.

190 1251 221 1284 1.
250 1252 381 1284 Throno
408 1254 541 1286 sedente
566 1257 715 1297 principe

248 1300 326 1332 Cum
356 1302 481 1333 venerit
509 1303 704 1343 discernere.

245 1349 306 1388 Qui
333 1350 524 1384 iudicabunt
552 1353 665 1393 Israel,

241 1398 366 1429 Assunt
393 1399 456 1430 duo
483 1409 545 1431 uno
572 1402 725 1441 germine.

184 1507 216 1540 2.
244 1508 362 1540 Parem
389 1515 538 1550 gerentes
565 1513 711 1553 gloriam,

244 1555 407 1590 Germana
434 1560 516 1591 caeli
542 1561 691 1603 pignora,

243 1604 353 1638 Simon
382 1607 494 1640 beatus
522 1618 593 1641 cum
620 1620 712 1643 sacro

241 1653 353 1686 Zelote
379 1656 460 1688 Iuda
487 1659 644 1698 apostolo.

176 1767 207 1799 3.
235 1766 370 1799 Persiae
396 1772 508 1801 euntes
535 1771 672 1803 termino

238 1814 329 1847 Duce
358 1818 532 1850 Varadach
559 1819 676 1852 bellico

232 1863 324 1896 Tunc
350 1871 488 1898 exeunte
513 1868 556 1900 ad
583 1869 741 1910 proelium

232 1912 403 1954 Responsa
430 1916 520 1955 pacis
546 1916 729 1957 proferunt.

168 2027 200 2058 4.
230 2026 368 2059 I'ravam
397 2027 534 2060 duorum
562 2030 701 2062 tristium

229 2075 357 2108 Sectam
385 2086 550 2117 magorum
579 2079 749 2112 destruunt

226 2124 277 2156 Ac
302 2123 388 2156 falsa
413 2129 504 2164 gesta
531 2127 724 2160 daemonum

225 2173 342 2204 Veraci
368 2174 513 2213 produnt
538 2175 667 2215 spiritu.

887 1264 918 1294 5.
946 1263 1069 1295 Rursus
1100 1267 1246 1306 magique
1273 1269 1472 1302 immiserant

946 1310 1148 1350 Serpentium
1177 1319 1223 1346 tot
1250 1317 1347 1351 milia.

944 1359 1037 1398 Ipsos
1065 1367 1197 1401 repente
1225 1365 1404 1400 vulnerant.

949 1407 1077 1440 Venena
1105 1411 1158 1450 qui
1185 1413 1417 1450 produxerant.

884 1519 916 1550 6.
944 1518 1048 1551 Ferae
1075 1522 1233 1562 malignae
1260 1525 1394 1565 tigrides

943 1567 1089 1600 Perdunt
1118 1569 1259 1603 furorem
1288 1576 1462 1618 supplices,

943 1615 1049 1656 Signis
1076 1618 1190 1658 quibus
1218 1620 1363 1654 fideliter

943 1664 1030 1696 Gens
1059 1667 1161 1699 omnis
1190 1672 1221 1699 et
1247 1679 1304 1702 rex
1332 1673 1482 1708 credidit.

903 1803 909 1809 .
939 1777 998 1815 Qui
1026 1784 1141 1811 cuncta
1170 1781 1244 1813 dum
1271 1785 1498 1823 perambulant

939 1825 1102 1859 Calcaudo
1131 1827 1205 1861 fana
1233 1835 1264 1862 et
1294 1832 1391 1870 idola,

935 1873 989 1905 Sic
1016 1874 1238 1916 frugescentes
1267 1880 1379 1913 inclita

934 1922 1072 1956 Talenta
1099 1925 1227 1959 Christo
1256 1928 1435 1968 duplicant.

897 2059 903 2066 .
931 2035 1099 2067 Ambobus
1126 2047 1188 2069 uno
1216 2037 1327 2071 funere

932 2083 1024 2115 Mors
1050 2090 1161 2117 sancta
1190 2087 1288 2119 vitam
1315 2091 1477 2134 praebuit,

931 2131 985 2169 Et,
1013 2142 1075 2172 qua
1104 2135 1258 2174 magister
1284 2144 1409 2178 evocat,

930 2179 1072 2220 Pergunt
1098 2191 1194 2222 pares
1218 2184 1259 2216 ad
1286 2186 1433 2226 gloriam.

594 2287 628 2322 9.
656 2287 770 2321 Gloria
795 2289 883 2328 patn·
909 2290 1062 2331 ingenito.

240 2393 372 2429 Legend.
395 2402 449 2420 ms.
471 2394 697 2426 Mediolanense
719 2407 796 2426 saec.
819 2397 864 2427 13.
887 2401 959 2429 Cod.
981 2403 1168 2432 Ambrosian.
1193 2408 1214 2434 C
1240 2405 1292 2434 125
1314 2409 1366 2436 inf.
1382 2425 1419 2428 —
1435 2409 1461 2438 3.
1487 2411 1499 2439 1

163 2431 286 2459 Perside
303 2432 388 2465 (lies:
418 2433 560 2462 Persidae
569 2434 600 2470 ?).
621 2452 660 2458 —-
681 2435 708 2470 8,
733 2436 747 2464 1
769 2437 876 2467 furore.
899 2455 936 2459 —
959 2440 984 2477 7,
1006 2441 1024 2471 3
1045 2444 1206 2481 frugentes.
1229 2461 1265 2464 —
1287 2446 1312 2482 7,
1334 2446 1352 2476 3
1374 2458 1417 2486 sq.
1442 2451 1501 2478 und

160 2469 187 2499 8.
212 2469 225 2498 1
248 2479 294 2507 sq.
313 2471 494 2507 umgestellt.
