1653 2656
627 211 687 243 135.
728 213 770 244 De
791 215 899 244 sancto
921 213 1095 254 Arnulplio.

207 299 237 333 1.
265 299 393 333 Laudes
419 301 576 333 conditori
603 307 712 335 nostro
890 306 920 338 3.
948 306 1072 336 Auctor
1096 305 1196 345 pacis.
1222 305 1310 338 Deus
1335 316 1470 349 summe,

311 349 528 387 persolvamus
554 355 685 382 ovantes
996 357 1105 384 castae
1131 354 1242 385 matris
1267 355 1371 395 unice,

262 396 299 427 In
325 396 385 427 hac
411 397 462 427 die
487 398 670 437 praecipue,
948 401 1054 432 Patris
1080 401 1111 432 in
1140 401 1217 433 sede
1241 402 1295 442 qui
1321 403 1426 446 sedes,

309 453 370 483 qua
397 443 506 475 beatus
531 445 719 485 Arnulphus
995 457 1108 488 preces
1133 454 1260 481 nostras
1286 452 1414 493 exaudi,

264 490 374 522 Coetui
399 492 524 523 iunctus
550 493 689 525 laetatur
948 490 1011 528 Per
1036 497 1198 537 Arnulplii
1223 498 1437 532 interventum

310 539 453 578 angelico
479 540 510 570 in
538 541 645 573 caelis.
993 544 1084 576 nobis
1111 550 1178 576 esto
1204 546 1360 586 placatus.

201 634 232 665 2.
258 634 316 673 Qui
344 642 400 665 ceu
426 634 519 666 iubar
544 645 582 667 ex
610 637 684 676 polo
883 642 915 672 4.
943 639 1057 672 Gloria
1082 641 1168 680 patri
1195 647 1333 683 natoque

306 682 445 714 radiavit
471 683 502 713 in
525 684 593 715 solo
990 697 1116 728 semper
1142 694 1171 720 et
1198 692 1366 733 paraclito,

256 728 298 760 Et
324 730 426 770 gratia
453 730 513 761 Dei
540 730 638 763 fultus
942 736 1038 777 Laus,
1065 741 1207 776 potestas
1233 743 1328 779 atque
1354 741 1467 783 virtus,

305 778 487 816 praesentia
513 781 703 820 contempsit
990 785 1163 824 gratiarum
1191 787 1293 828 copia,

257 823 446 864 Desertique
471 831 562 858 antra
588 832 700 868 petens
941 832 1038 871 Quem
1066 833 1166 864 Deum
1195 840 1309 867 cuncta
1336 835 1480 869 fatentur

303 877 429 903 secutus
457 878 503 904 cst
529 874 710 910 Dominum.
988 882 1185 912 saeculorum
1213 884 1352 917 saecula.

269 965 354 992 BreV.
383 975 435 992 ms.
464 968 611 995 Romarici
638 970 748 997 Montis
777 981 852 999 saec.
885 972 926 1000 16.
955 974 1025 1001 cod.
1048 975 1211 1009 Spinalien.
1243 976 1296 1004 164
1321 977 1387 1011 (77).
1410 982 1443 1007 Λ.
1471 995 1506 1000 ——

193 1003 299 1037 Hymni
329 1013 380 1030 ms.
403 1006 548 1032 Romarioi
573 1010 677 1034 montis
700 1018 774 1036 saec.
799 1010 841 1038 1-5.
865 1011 933 1038 Cod.
956 1013 1118 1048 spinalien.
1144 1013 1196 1040 194
1219 1014 1285 1044 (Stil.
1308 1017 1339 1043 B.
1362 1032 1398 1036 —-
1425 1017 1457 1045 2.
1492 1019 1505 1046 l

192 1042 249 1074 Qui
272 1043 346 1068 sicut
368 1043 401 1068 A.
421 1058 455 1061 —
477 1042 503 1075 2,
526 1046 542 1069 ti
563 1050 606 1071 cst
629 1046 784 1074 Christum.

623 1186 682 1217 136.
723 1188 762 1218 De
786 1191 893 1220 sancto
915 1191 1068 1222 Andoeno.

195 1272 223 1303 l.
250 1270 411 1311 Hyinnum
443 1273 570 1305 Christo
596 1275 736 1307 lactitiae
875 1280 905 1313 3.
937 1280 1027 1312 Nunc
1055 1283 1151 1314 decus
1177 1286 1384 1324 apostolicum

250 1319 378 1350 Promat
404 1321 517 1352 chorus
544 1323 706 1365 ecclesiae,
934 1328 1089 1360 Coronam
1117 1337 1201 1363 tenet
1229 1339 1402 1373 martyrum

253 1365 396 1397 Laudum
425 1367 529 1399 serens
555 1372 727 1408 praeconia
932 1376 972 1407 Et
1001 1378 1164 1417 virginalis
1190 1381 1312 1419 gloriae

248 1414 393 1446 Audoeni
420 1425 478 1455 pro
502 1417 614 1457 gloria.
933 1424 1066 1456 Carmen
1093 1432 1198 1458 cantat
1226 1429 1377 1463 lactitiae.

185 1510 217 1541 2.
245 1509 306 1540 Hic
332 1509 405 1547 fide,
433 1511 548 1549 verbis7
577 1513 700 1544 actibus
867 1519 899 1549 4.
927 1519 951 1550 O
979 1522 1160 1558 praesulum
1187 1525 1396 1557 sanctissime.

244 1557 382 1596 Insignis
409 1564 438 1589 ct
466 1559 646 1597 virtutibus,
928 1567 1039 1598 Pastor
1065 1575 1173 1601 noster
1200 1572 1394 1605 dulcissime.

243 1604 373 1636 Gemma
401 1604 488 1637 fulsit
514 1609 698 1646 pontificum
926 1615 1041 1646 Obtine
1068 1618 1158 1649 nobis
1186 1621 1309 1651 veniam

242 1652 336 1683 Velut
363 1653 455 1685 iubar
481 1655 699 1688 clarissimum.
927 1661 968 1693 Et
995 1666 1137 1702 paradisi
1165 1667 1308 1706 gloriam.

543 1753 573 1783 5.
601 1751 648 1783 Sit
676 1752 771 1784 decus
798 1759 827 1785 et
855 1758 1009 1798 potentia,

603 1799 696 1832 Laus.
722 1803 825 1833 virtus
851 1808 946 1844 atque
973 1806 1073 1845 gloria

600 1847 727 1880 Summo
754 1851 838 1889 patri
866 1861 933 1882 cum
961 1854 1026 1885 tilio

600 1895 639 1926 Et
667 1897 782 1936 spiritu
808 1901 974 1938 paraclito.

251 1984 334 2012 Pass.
357 1996 408 2013 ms,
425 1987 453 2014 S.
469 1988 600 2015 Audoeni
618 1991 810 2027 Rotomagen.
833 2002 907 2021 saec.
932 1994 974 2022 1‘2.
991 1997 1030 2023 in.
1049 1997 1117 2024 Cod.
1136 2000 1328 2034 Rotoinazen.
1348 2004 1431 2033 1406.
1452 2022 1488 2027 —

173 2024 328 2059 „Hymnus
352 2026 445 2060 ipsius
468 2029 590 2061 pretiosi
612 2029 758 2063 pontificis
780 2031 940 2060 Audoeni.“
1264 2033 1277 2039 ⁹

601 2169 657 2200 137.
699 2171 740 2202 De
763 2175 870 2203 sancto
892 2174 1046 2207 Audoeno.

166 2254 200 2288 1.
225 2255 344 2286 Mentis
371 2258 530 2289 exsultent
556 2268 675 2299 organa
851 2265 882 2297 2.
910 2265 969 2304 Qui
995 2267 1078 2299 altus
1104 2270 1176 2302 aula
1204 2273 1289 2313 regia

224 2303 414 2336 Audoenum
441 2306 616 2347 laudantia,
910 2313 995 2345 Caeli
1023 2320 1109 2348 tenet
1135 2319 1267 2361 palatia,

224 2350 322 2383 Sacra
348 2353 436 2384 cuius
463 2355 629 2388 sollemnia
909 2361 1015 2394 Hodie
1041 2365 1123 2396 mole
1149 2377 1267 2401 carnea

222 2399 353 2432 Festiva
382 2401 458 2433 dant
484 2405 664 2442 praeconia.
909 2409 1007 2442 Liber
1031 2414 1145 2452 petivit
1165 2416 1288 2459 sidera.
