1653 2656
725 126 964 161 -20—

183 224 216 255 3.
243 223 379 254 Peccata
404 227 514 254 nostra
540 223 648 255 deleas
870 226 903 256 4.
930 221 1173 263 Transfigurato
1198 221 1335 254 Domino

244 270 421 310 pacemque
447 271 546 302 dones
574 271 728 312 cordium,
931 272 1026 311 Laus,
1055 270 1167 308 honor,
1193 270 1306 312 virtus,
1334 270 1446 312 gloria,

241 317 347 349 Vitam
373 323 534 350 aeternam
562 319 728 360 praebeas,
929 319 987 358 Qui
1016 318 1071 350 det
1095 318 1129 349 in
1155 317 1240 349 vitae
1264 318 1401 350 termino

241 366 378 406 Christe,
409 367 596 407 redemptor
621 368 771 401 omnium.
926 366 1027 398 Beata
1053 365 1146 397 nobis
1172 365 1299 406 gaudia.

258 470 342 497 Brev.
371 479 424 497 ms.
446 471 620 498 Monialium
652 479 674 497 s.
697 471 845 497 francisci
873 470 1102 497 Nanceieusium
1131 478 1207 497 saec.
1235 468 1279 498 15.
1301 468 1370 496 Cod.
1392 470 1504 498 Semin.

181 508 341 536 Nanceien.
366 508 389 535 1.

547 639 595 668 24.
636 639 668 669 ln
692 639 982 678 Transfiguratione
1005 639 1134 670 Domini.

698 714 749 740 Ad
777 714 979 749 Vesperas.

184 812 214 844 1.
242 811 408 842 Laudetur
432 815 543 842 sancta
569 811 696 842 trinitas
869 812 900 845 3.
929 811 1031 842 Natus
1058 812 1090 842 iu
1115 812 1275 851 sapientia

241 859 284 890 Et
308 858 447 890 indivisa
471 858 588 895 unitas,
933 859 1046 892 Carnis
1074 868 1133 898 per
1157 860 1369 900 petulantiam

242 907 323 945 Quia
348 906 586 938 misercordiam
928 908 1039 938 Vitare
1067 908 1121 938 det
1148 908 1283 939 letitiam

243 954 344 986 Nobis
372 953 447 985 fecit
474 958 504 985 et
529 954 674 994 gratiam.
928 954 1055 986 Deflere
1077 960 1107 986 et
1133 956 1305 996 gementia.

184 1056 216 1087 2.
243 1054 336 1086 Nunc
362 1059 454 1093 pater
476 1054 507 1084 in
534 1055 675 1093 potentia
870 1057 902 1089 4.
931 1056 1081 1092 Pneuma,
1109 1057 1272 1087 amborum
1301 1057 1430 1099 caritas,

244 1103 367 1141 Regnat
394 1102 502 1132 mundi
529 1101 689 1133 dementia
929 1103 1111 1145 Beatitudo‚
1139 1105 1304 1143 sanctitas,

243 1150 285 1181 Et
313 1150 367 1181 det
392 1149 424 1180 in
450 1149 605 1188 patientia
930 1152 1089 1183 Virtutum
1115 1150 1196 1191 fons,
1224 1152 1375 1190 suavitas,

243 1197 394 1228 Transire
420 1197 648 1237 impugnantia.
934 1199 1060 1239 Lustra,
1086 1208 1170 1240 unge
1196 1209 1265 1239 nos,
1294 1201 1406 1233 deitas.

641 1306 672 1334 5.
698 1303 848 1334 Trinitati
874 1304 915 1334 sit
941 1304 1053 1344 gloria,

701 1350 745 1383 Ut
772 1350 825 1382 det
852 1350 915 1382 frui
943 1352 1076 1384 victoria

700 1399 737 1430 In
764 1399 859 1430 terris
885 1398 1056 1431 omnifaria

703 1446 743 1477 Et
770 1446 802 1477 in
828 1447 959 1478 caelesti
986 1449 1082 1479 curia.

262 1548 379 1584 Antiph.
403 1558 454 1575 ms.
477 1550 668 1585 sccpusiense
696 1559 770 1577 saec.
797 1550 838 1577 15.
872 1550 942 1578 Cod.
970 1552 1065 1587 Capit.
1094 1552 1263 1588 Scepusien.
1286 1564 1307 1581 s.
1330 1564 1358 1581 n.
1380 1571 1418 1575 —
1439 1554 1465 1591 3,
1488 1555 1505 1583 2

184 1588 359 1623 peculeutia.
388 1602 414 1605 —-
440 1586 465 1619 3,
487 1586 505 1615 3
527 1589 585 1615 iam
606 1588 653 1615 det
676 1589 797 1616 laetitia.

648 1768 695 1798 25.
735 1767 768 1798 ln
791 1768 1041 1808 septuagesima.

292 1858 320 1889 1.
348 1856 498 1897 Alleluia,
527 1856 618 1887 dulce
645 1866 772 1888 carmen
799 1862 830 1888 et
857 1859 1006 1897 caeleste,
1033 1860 1187 1901 canimus,

345 1904 435 1943 Quod
461 1904 627 1942 Iohannes,
653 1914 744 1936 sacer
768 1905 823 1936 ille
849 1906 938 1946 virgo
965 1911 996 1937 et
1022 1908 1195 1947 apostolus,

350 1952 396 1983 De
422 1956 546 1983 secreto
572 1953 716 1992 paradisi
745 1953 873 1985 haurire
900 1956 1088 1997 promeruit,

292 2050 323 2081 2.
351 2048 502 2087 Alleluia,
529 2049 613 2088 quod
639 2058 778 2089 superna
803 2055 906 2081 mater
930 2055 1041 2082 nostra
1067 2052 1180 2083 sedulo

351 2096 552 2128 Hierusalem
579 2097 775 2130 concinendo
801 2097 986 2138 hymnizare
1009 2099 1162 2138 noscitur,

348 2145 480 2176 Trinum
506 2153 633 2185 semper
657 2149 752 2186 atque
778 2155 874 2177 unum
900 2148 1126 2179 commendans
1153 2149 1380 2190 altithronum;

290 2241 320 2273 3.
347 2240 489 2272 Alleluia
515 2249 598 2272 nuno
622 2241 655 2272 in
680 2242 774 2273 terris
800 2242 877 2273 totis
904 2251 1053 2274 canamus
1079 2244 1213 2282 viribus,

349 2290 416 2328 Quo
442 2292 516 2330 post
540 2292 674 2320 mortem
699 2290 732 2320 in
757 2290 904 2329 supernis
929 2290 1099 2322 iubilemus
1126 2293 1267 2331 sedibus,

351 2337 463 2376 Ipsum
488 2345 594 2377 regem
617 2337 816 2369 saeculorum
842 2338 1005 2370 laudaturi
1031 2340 1202 2380 perpetim.

268 2432 358 2459 Psalt.
381 2436 409 2459 et
429 2432 526 2468 hymn.
550 2442 601 2460 ms.
622 2433 822 2461 Lambacense
843 2442 920 2461 saec.
943 2432 987 2461 12.
1009 2435 1079 2462 Cod.
1100 2435 1279 2465 Lambacen.
1301 2447 1324 2465 s.
1346 2448 1374 2466 n.
