1653 2656
709 128 968 162 —189—

518 279 580 310 321.
620 279 654 310 In
677 280 893 312 Decollatione
914 289 938 311 s.
961 280 1108 312 Iohannis
1131 281 1162 311 B.

704 370 754 397 Ad
783 371 978 406 Vesperas.

409 472 418 480 .
446 448 601 480 Exsultet
627 448 715 480 orbis
741 449 927 489 pariterque
952 450 1045 491 polus

446 497 610 539 Astriger‚
639 497 715 528 almi
742 497 854 528 militis
881 498 1049 539 depromat

447 544 574 583 Exitus,
603 550 676 577 acta
702 545 854 585 martyris
881 546 1051 587 baptistae,

525 592 636 625 Sancti
663 593 826 626 Iohannis.

410 703 418 711 .
447 680 567 712 Laetus
594 681 626 711 in
653 680 765 712 laudes
794 681 908 712 chorus
935 681 1119 720 angelorum

444 729 549 760 Tonet
575 737 709 760 amoene
735 737 888 760 resonans
915 728 947 760 in
972 729 1079 767 astri5‚

445 776 568 809 Seriem
597 785 708 808 sacrae
730 776 889 817 passionis
912 777 1035 816 pandat

524 824 631 856 Incliti
659 825 753 857 vatis.

408 936 414 943 .
444 911 507 943 Hic
534 921 606 943 nam
635 912 828 952 praelustris
855 911 975 943 Christi
1002 914 1221 952 protomartyr

442 959 580 1000 Exstat3
607 969 626 990 o
653 958 731 991 felix
759 964 848 990 ortus
875 966 907 991 et
931 968 1073 995 occasus,

444 1008 512 1046 Quo
539 1008 635 1038 tellus
662 1009 782 1047 gaudet
807 1007 1011 1047 gaudentque
1038 1007 1198 1038 caelorum

520 1055 650 1087 Turbae
677 1054 807 1086 felices!

406 1167 413 1174 .
439 1142 559 1182 Arguit
587 1142 672 1183 regis
700 1140 825 1173 facinus
855 1142 1013 1173 lohannes

442 1190 589 1229 Sanctus,
619 1190 735 1222 invitat
764 1190 877 1221 salutis
903 1190 944 1222 ad
972 1191 1044 1229 iter,

443 1238 604 1271 Stolidum
631 1241 734 1270 nescit
761 1238 890 1270 monitis
914 1247 1029 1279 parere

519 1287 666 1327 Nequam
692 1287 835 1320 adulter.

409 1399 417 1407 .
446 1374 617 1416 Quidnam,
643 1374 726 1414 quod
757 1373 834 1405 furit
860 1374 1042 1413 impudicus
1069 1371 1190 1404 heros?

444 1423 572 1455 Inscius
596 1431 673 1454 suae
700 1422 858 1454 consortis
885 1427 917 1454 et
942 1422 1028 1453 ultro

442 1471 579 1503 Aditum
607 1474 700 1511 parat
727 1471 815 1502 necis
841 1474 937 1510 atque
963 1470 1010 1502 sui

518 1520 653 1551 Arbiter
678 1520 792 1559 impos.

404 1635 409 1640 .
439 1606 592 1647 Improba
616 1605 748 1638 fraudes
774 1615 846 1638 mox
875 1606 985 1646 virago
1012 1605 1122 1646 gignit,

439 1656 554 1688 Fallax
582 1656 697 1696 imago,
729 1655 817 1687 cuius
845 1655 894 1686 ira
918 1654 1031 1696 saevit,

442 1704 567 1737 Fremit
591 1709 623 1735 et
650 1704 724 1735 dolo
750 1704 923 1744 proditque
947 1701 1121 1735 nefandum

518 1752 630 1785 Scelus
657 1752 690 1783 in
717 1756 874 1785 sanctum.

404 1867 411 1874 .
440 1841 508 1873 Iam
536 1840 624 1872 virus
653 1839 721 1872 viro
748 1839 849 1870 suasit
875 1848 957 1879 quae
980 1838 1141 1879 quondam

439 1888 573 1929 Spargit
599 1893 630 1920 et
656 1888 768 1928 ultrix,
797 1888 941 1920 meminit
966 1887 1078 1919 livoris

438 1937 544 1970 Natae
570 1937 689 1976 letalis,
714 1937 829 1968 suadet
855 1937 983 1968 scelesti

515 1986 645 2019 Callida
670 1986 789 2026 pellex.

402 2100 410 2108 .
437 2075 645 2115 Iniquitatem
671 2073 810 2114 peperit,
839 2081 920 2112 quae
946 2071 1030 2111 parit

437 2123 558 2155 Virtuti
585 2132 684 2163 parca
709 2122 842 2162 pietatis
868 2129 1011 2160 parcam,

437 2172 554 2204 Tumet
579 2171 701 2203 insanis
728 2180 819 2207 uxor,
847 2170 942 2200 immo
970 2167 1050 2207 fera,

514 2219 642 2252 Praeda
667 2219 826 2252 Plutonis.

401 2333 406 2338 .
433 2308 573 2340 Aestuat
598 2306 684 2347 regis
710 2304 837 2338 facibus
864 2304 977 2343 libido,

435 2356 536 2395 Inque
564 2364 682 2396 vorago
708 2353 843 2394 crapula
870 2352 1032 2395 turgescit,

435 2403 608 2444 Surgitque
635 2403 755 2443 duplex
785 2402 921 2433 Veneris
948 2405 978 2433 et
1005 2400 1085 2432 meri

512 2451 600 2492 Ignis
628 2451 782 2484 scintilla.
