1653 2656
761 159 1021 196 —265—

671 306 742 338 443.
786 308 828 341 Do
849 314 957 343 saneto
979 313 1103 346 Paride.

749 380 800 407 Ad
827 382 1022 418 Vespera&

223 454 254 485 1.
284 454 496 491 Gratulemur
523 463 727 498 concinentes
917 473 948 505 3.
978 472 1101 513 Gaude,
1131 474 1209 508 felix
1234 478 1311 511 urbs
1338 480 1462 520 effecta,

330 505 476 539 Laudem
502 508 563 542 Dei
590 510 667 550 filio,
1026 522 1092 554 Iam
1122 524 1212 556 dives
1240 531 1271 557 et
1298 538 1465 570 prospera,

279 550 363 584 Olim
390 556 478 589 caeci
505 562 536 590 et
563 560 712 593 sedentes
975 569 1139 603 Creatoris
1170 573 1403 616 circumspecta

326 600 443 635 Mortis
469 604 502 636 in
529 607 653 645 exsilio,
1022 619 1196 652 Admirare
1224 632 1333 663 opera,

276 648 345 680 Iam
372 652 476 683 renati
503 658 534 685 et
559 656 706 690 videntes
973 665 1021 697 Ne
1047 667 1090 698 sis
1118 669 1194 701 vilis
1221 676 1252 702 et
1281 672 1442 716 despecta,

326 697 454 731 Paridis
479 703 608 738 auxilio.
1018 715 1071 746 Ad
1098 717 1234 749 salutem
1260 729 1409 760 propera.

217 794 250 824 2.
281 793 343 826 Per
366 805 458 836 quem
486 799 574 832 Deus
600 802 743 836 visitavit
916 811 945 841 4.
973 811 1022 842 De
1049 812 1190 845 tenebris
1219 815 1250 846 in
1278 817 1450 856 splendore

326 843 457 877 Plebem
483 856 572 880 suam
600 850 718 890 mitius,
1022 859 1125 892 Verae
1152 862 1232 894 lueis
1259 865 1364 904 posita

273 890 353 923 Eius
380 894 464 926 enim
492 898 677 930 emundavit
974 907 1106 939 Fastum
1134 919 1216 949 pone
1242 921 1311 943 cum
1339 923 1448 946 errore

323 939 466 974 Crimina
493 946 653 984 propitius
1018 956 1165 988 Creatori
1189 960 1329 995 subdita.

270 986 314 1018 Et
342 988 492 1023 draconis
519 992 669 1033 effugavit
973 1001 1083 1034 Novae
1111 1005 1190 1045 legis
1216 1009 1248 1039 in
1275 1009 1392 1041 ardore

321 1036 447 1069 Pestem
477 1040 579 1072 diram
607 1042 741 1082 longius.
1016 1051 1144 1083 Patrem
1172 1056 1252 1086 caeli
1279 1057 1384 1090 visita.

523 1139 554 1169 5.
583 1138 669 1170 Laus
696 1140 747 1177 sit,
776 1141 878 1174 honor
905 1145 972 1184 regi
998 1146 1067 1178 Deo

632 1188 694 1219 Per
724 1189 878 1223 immensa
905 1196 1060 1235 tempora⁷

584 1234 650 1265 Nos
679 1237 837 1270 conducat
864 1244 897 1270 ut
926 1250 995 1272 eum
1023 1252 1059 1275 eo

629 1284 733 1316 Filius
759 1287 800 1318 ad
828 1296 954 1328 supera,

580 1329 714 1364 Flamen
742 1340 887 1368 sanctum
915 1347 985 1369 cum
1013 1343 1148 1380 tropaeo

628 1380 747 1414 Nostra
774 1390 860 1416 roret
889 1391 1031 1425 pectora.

278 1469 361 1496 Offie.
388 1479 426 1498 83.
449 1473 624 1507 Reparatue,
648 1477 772 1509 Paridis,
795 1480 909 1508 Amasii
932 1486 986 1509 etc.
1010 1485 1078 1519 imp.
1102 1486 1228 1521 Neapoli
1253 1487 1333 1515 1533.

645 1648 716 1679 444.
758 1650 800 1681 De
822 1655 929 1683 saneto
952 1653 1074 1687 Paride.

739 1721 792 1748 Ad
818 1722 974 1751 Laudes,

194 1800 224 1834 1.
253 1801 279 1833 O
306 1811 401 1842 quam
429 1805 522 1846 mira,
549 1807 633 1849 Iesu,
661 1807 721 1840 fuit
888 1814 920 1845 3.
947 1815 984 1846 In
1011 1817 1148 1848 terrenis
1177 1818 1252 1850 dum
1280 1824 1469 1859 torquemur

299 1850 368 1882 Tua
394 1852 448 1892 pia
475 1855 590 1894 gratia,
996 1864 1216 1897 Procellarum
1244 1866 1406 1909 fluctibus,

248 1897 332 1930 Dum
359 1909 420 1940 per
445 1903 549 1935 undas
577 1904 674 1937 draco
700 1906 771 1939 fluit
947 1912 1009 1943 Per
1034 1917 1076 1951 te,
1107 1914 1208 1953 Paria
1237 1916 1426 1948 roboremur

294 1948 420 1981 Morbis
447 1951 489 1983 ad
517 1953 614 1985 exitia
983 1962 1075 1993 Votis
1100 1967 1197 2002 atque
1225 1965 1387 2003 precibus.

243 1996 287 2028 Et
314 1997 417 2031 leonis
443 2000 508 2032 vita
534 2002 598 2034 ruit
945 2009 989 2041 Ut
1017 2019 1086 2041 eum
1115 2012 1207 2043 iustis
1233 2013 1400 2052 epulemur

292 2045 432 2088 Ursique
459 2050 605 2085 saevitia.
1002 2058 1122 2098 Regnis
1148 2060 1180 2091 in
1209 2061 1412 2097 caelestibus,

179 2143 210 2176 2.
239 2144 275 2176 In
304 2147 468 2185 stuporem
497 2148 543 2178 sic
571 2157 725 2182 conversa
882 2155 914 2186 4.
944 2154 1029 2186 Laus
1056 2156 1107 2197 sit,
1136 2156 1239 2188 honor
1265 2159 1330 2198 regi
1358 2159 1427 2192 Deo

295 2193 402 2236 Plebs,
431 2197 552 2228 erroris
579 2198 657 2239 filia,
992 2203 1055 2234 Per
1080 2204 1235 2237 immensa
1262 2211 1419 2248 tempora⁷

236 2239 298 2272 Est
329 2242 371 2274 ad
406 2247 545 2276 mentem
574 2246 648 2278 dum
676 2256 817 2288 reversa,
941 2250 1008 2282 Nos
1035 2254 1193 2285 conducat
1220 2258 1255 2285 ut
1287 2265 1357 2287 cum
1384 2267 1420 2290 eo

285 2289 419 2330 Spernit
444 2293 556 2325 mundi
583 2295 660 2327 vilia
989 2299 1091 2332 Filius
1121 2303 1163 2334 ad
1191 2312 1318 2343 supera,

238 2337 382 2371 Cernens
408 2340 491 2373 mira
516 2346 581 2374 tam
610 2344 740 2377 diversa
939 2348 1075 2381 Flamen
1110 2356 1256 2383 sanctum
1285 2362 1355 2384 cum
1382 2358 1516 2396 tropaeo

287 2385 412 2420 Sternit
435 2389 499 2421 iam
526 2391 701 2432 sculptilia.
987 2397 1109 2430 Nostra
1135 2405 1221 2431 roret
1248 2406 1390 2441 pectora.

251 2482 334 2511 Offic.
357 2493 396 2512 ss.
418 2486 596 2522 Reparatae,
620 2489 746 2523 Paridis,
770 2491 884 2520 Amasii
907 2496 961 2521 etc.
984 2495 1053 2531 imp.
1076 2496 1203 2532 Neapoli
1229 2496 1310 2526 1533.
