1653 2656
706 134 942 167 v-11...

163 231 196 264 3.
220 229 366 270 Linguae
391 231 480 264 solve
505 231 702 273 aeruginem,
857 232 889 262 4.
917 229 992 261 Tibi
1018 229 1121 261 bonor
1146 231 1178 259 et
1203 227 1316 268 gloria⁷

222 278 342 310 Vocem
368 277 480 312 favens
508 281 550 312 da
574 279 710 320 pectori,
916 277 990 310 Tibi
1017 276 1266 317 magnificentia,

221 326 297 358 Tibi
323 328 436 360 laudes
462 331 495 360 et
519 329 640 368 gratias
915 326 991 359 Tibi
1015 330 1046 357 et
1072 325 1125 357 hic
1150 324 1295 364 potentia

220 375 322 408 Pleno
349 376 524 408 reddamus
549 376 674 408 ordine.
915 375 959 406 Et
984 375 1017 405 in
1043 377 1175 405 aeterna
1200 372 1339 404 saecula.

261 461 352 488 Psalt.
374 464 404 488 et
424 461 525 496 hymn.
549 470 602 488 ms,
623 461 835 488 Valcidorense
865 468 942 487 sace.
972 458 1046 486 ¹¹l12.
1069 459 1142 486 Cim.
1164 458 1309 484 Monacen
1334 454 1369 483 13
1379 454 1444 483 067.
1460 470 1495 474 —

163 497 190 530 2,
207 497 226 526 2
241 501 293 536 qui
309 503 338 527 et
356 503 468 536 postea.
483 515 521 519 —
535 498 561 532 4,
574 498 592 527 3
606 500 674 527 Tibi
691 503 720 527 et
735 500 876 535 potentia.
892 512 929 517 —
944 497 970 530 4,
985 496 1002 524 4
1019 499 1077 525 Hic
1092 500 1121 524 et
1135 498 1165 523 in
1181 499 1301 524 aeterna
1316 495 1443 522 saecula.
1464 509 1495 512 —-

163 539 270 566 Dieser
290 540 428 574 Hymnus
449 539 527 566 steht
548 541 579 565 in
600 539 651 566 der
673 540 727 566 Hs.
743 538 841 565 ausser
862 537 913 564 der
928 536 1029 567 Reihe,
1052 536 1167 563 scheint
1185 535 1267 562 indes
1289 534 1340 561 der
1360 533 1495 560 fehlende

163 577 408 613 Mettenhymnus
432 587 469 604 zu
491 579 564 604 sein.

571 680 598 711 5.
641 680 682 710 De
704 679 907 710 sanctissima
928 677 1098 709 Trinitate.

717 740 770 766 Ad
796 739 952 766 Laudes.

167 818 199 851 1.
227 818 274 850 Te
302 818 399 858 Deus,
426 828 490 850 una
516 818 657 857 trinitas,
864 818 896 849 3.
924 814 1161 848 Professionem
1188 814 1263 845 fidei

229 867 351 899 Nostra
377 867 565 898 collaudant
590 866 744 902 carmina,
923 864 1089 896 Decorent
1114 867 1205 893 actus
1232 861 1384 897 caelibes,

227 915 373 956 Benigno
398 915 490 947 vultu
517 914 643 954 respice
924 911 1046 950 Quibus
1072 911 1224 950 perennis
1251 910 1358 949 gaudii

225 964 368 996 Tuorum
392 968 468 995 vota
494 962 688 1002 supplicum.
925 959 1116 991 Efficiamur
1142 962 1316 998 compotes,

167 1051 199 1084 2.
229 1049 370 1082 Infunde
397 1049 517 1081 nostris
541 1048 690 1080 sensibus
867 1049 900 1080 4.
928 1046 975 1077 Sit
1003 1045 1073 1077 Deo
1100 1045 1186 1084 patri
1214 1044 1328 1084 gloria,

229 1098 290 1130 Tui
317 1106 459 1129 amorem
485 1097 632 1136 spiritus,
928 1093 975 1125 Sit
1003 1093 1106 1124 honor
1130 1093 1199 1124 eius
1225 1092 1304 1130 filio,

229 1146 290 1185 Qui
316 1145 507 1185 fluctivagos
533 1145 654 1176 saeculi
927 1142 977 1174 Sit
1004 1142 1101 1173 decus
1127 1144 1238 1172 sancto
1264 1139 1385 1171 flamini

232 1194 350 1227 Procul
378 1194 517 1234 repellat
542 1194 693 1233 impetus.
928 1191 990 1222 Per
1015 1189 1142 1221 infinita
1168 1189 1308 1220 saecula.

244 1280 337 1308 Psalt.
361 1283 390 1307 et
417 1280 517 1315 hymn.
539 1288 592 1306 ms.
615 1277 828 1305 Valcidorense
850 1285 926 1303 saec.
951 1274 1024 1302 ¹712.
1048 1275 1121 1302 Clm.
1144 1275 1299 1301 Monaeen.
1322 1273 1355 1301 13
1365 1272 1429 1301 067.

581 1421 608 1451 6.
650 1420 691 1450 De
712 1417 914 1450 sanctissima
936 1416 1105 1448 Trinitate.

712 1479 762 1506 Ad
790 1479 962 1506 Primam.

174 1564 204 1596 1.
233 1560 540 1600 Incircumscriptae
567 1560 668 1599 gloria
873 1558 903 1589 3.
933 1556 981 1588 Sit
1007 1565 1135 1595 semper
1159 1555 1272 1594 nobis,
1303 1564 1506 1597 quaesumus,

233 1610 405 1642 Trinitatis
432 1608 591 1640 mirabilis
932 1605 1001 1636 Tua
1028 1614 1133 1636 comes
1161 1603 1343 1641 clementia,

235 1658 365 1691 Summe
391 1657 594 1689 commendat
620 1655 735 1687 unicae
934 1653 1017 1685 Dum
1045 1662 1211 1684 versamur
1238 1651 1370 1683 volubili

233 1707 373 1739 Deitatis
400 1705 589 1746 potentiam.
932 1702 1117 1734 Praesentis
1144 1701 1231 1732 vitae
1258 1700 1374 1733 orbita.

175 1796 207 1830 2.
235 1794 328 1834 Quod
356 1803 424 1832 nos,
453 1793 527 1824 dum
554 1792 620 1823 fide
645 1790 756 1823 stabili
874 1791 904 1821 4.
934 1789 1003 1820 Deo
1028 1789 1115 1828 patri
1141 1788 1283 1828 ingenito

235 1842 433 1875 Profitemur
458 1845 491 1873 te
517 1840 702 1877 Dominum,
934 1837 1076 1877 Eiusque
1103 1836 1278 1876 unigenito,

233 1891 483 1932 Magnificamus
510 1888 659 1920 consonis
934 1885 1051 1917 Sancto
1077 1884 1171 1916 simul
1200 1883 1358 1924 paraclito

234 1939 489 1972 Praeconiorum
515 1937 636 1970 iubiliS.
934 1933 983 1966 Sit
1008 1934 1078 1965 laus
1105 1933 1207 1964 omnis
1232 1941 1290 1971 per
1316 1931 1454 1963 saecula.

174 2065 187 2094 1
223 2026 395 2093 2Psalt.belt
420 2025 521 2061 hymn.
543 2033 596 2050 ms.
618 2022 831 2050 Valcidorense
860 2030 936 2048 saec.
960 2018 1032 2046 ¹¹l12.
1055 2019 1128 2046 Clm.
1150 2019 1305 2046 Monacen.
1330 2015 1439 2044 13067.
1476 2032 1512 2036 —

194 2087 200 2099 ‚
263 2073 342 2092 mira
364 2075 373 2092 1
388 2073 413 2092 e.

583 2167 609 2197 7.
651 2166 695 2197 De
720 2163 924 2196 sanctissima
945 2161 1115 2193 Trinitate.

720 2225 773 2253 Ad
800 2225 978 2252 Tertiam.

175 2312 208 2344 1.
235 2310 402 2342 Aeternae
428 2316 486 2340 rex
512 2305 692 2347 potentiae,
882 2304 914 2336 2.
946 2301 1023 2333 Tuis
1051 2301 1135 2332 dona
1162 2298 1375 2339 supplicibus,

236 2357 351 2390 Totius
378 2355 485 2389 factor
510 2354 691 2392 machinae,
945 2350 1032 2382 Odas
1058 2348 1117 2379 tibi
1145 2347 1345 2389 canentibus,

240 2408 277 2439 In
305 2405 464 2437 trinitatis
491 2403 621 2436 nomine
941 2398 983 2431 Ut
1010 2397 1155 2437 purgatis
1183 2395 1358 2428 sceleribus

237 2455 285 2488 Te
311 2454 536 2494 deprecamur,
566 2450 680 2491 Kyrie.
940 2447 985 2478 Te
1013 2445 1157 2477 fruamur
1182 2444 1322 2478 uberius.
