<?xml version="1.0" encoding="UTF-8"?>
<!DOCTYPE html PUBLIC "-//W3C//DTD XHTML 1.0 Transitional//EN"
    "http://www.w3.org/TR/xhtml1/DTD/xhtml1-transitional.dtd">
<html xmlns="http://www.w3.org/1999/xhtml" xml:lang="en" lang="en">
 <head>
  <title>
</title>
<meta http-equiv="Content-Type" content="text/html;charset=utf-8" />
  <meta name='ocr-system' content='tesseract 3.04.00' />
  <meta name='ocr-capabilities' content='ocr_page ocr_carea ocr_par ocr_line ocrx_word'/>
</head>
<body>
  <div class='ocr_page' id='page_1' title='image "./analectahymnica43drevuoft/analectahymnica43drevuoft_0241.png"; bbox 0 0 1653 2656; ppageno 0'>
   <div class='ocr_carea' id='block_1_1' title="bbox 676 144 935 179">
    <p class='ocr_par' dir='ltr' id='par_1_1' title="bbox 676 144 935 179">
     <span class='ocr_line' id='line_1_1' title="bbox 676 144 935 179; baseline 0 -1"><span class='ocrx_word' id='word_1_1' title='bbox 676 144 935 179; x_wconf 68' lang='lat'>-238-</span> 
     </span>
    </p>
   </div>
   <div class='ocr_carea' id='block_1_2' title="bbox 538 236 1076 276">
    <p class='ocr_par' dir='ltr' id='par_1_2' title="bbox 538 236 1076 276">
     <span class='ocr_line' id='line_1_2' title="bbox 538 236 1076 276; baseline -0.007 -5"><span class='ocrx_word' id='word_1_2' title='bbox 538 239 607 271; x_wconf 77' lang='lat'>395.</span> <span class='ocrx_word' id='word_1_3' title='bbox 651 239 691 269; x_wconf 82' lang='lat' dir='ltr'><strong>De</strong></span> <span class='ocrx_word' id='word_1_4' title='bbox 711 246 736 268; x_wconf 81' lang='lat' dir='ltr'><strong>s.</strong></span> <span class='ocrx_word' id='word_1_5' title='bbox 757 237 856 268; x_wconf 73' lang='lat' dir='ltr'><strong>Maria</strong></span> <span class='ocrx_word' id='word_1_6' title='bbox 877 236 1076 276; x_wconf 65' lang='lat' dir='ltr'><strong>magdalene.</strong></span> 
     </span>
    </p>
   </div>
   <div class='ocr_carea' id='block_1_3' title="bbox 153 328 622 364">
    <p class='ocr_par' dir='ltr' id='par_1_3' title="bbox 153 328 622 364">
     <span class='ocr_line' id='line_1_3' title="bbox 153 328 622 364; baseline -0.009 0"><span class='ocrx_word' id='word_1_7' title='bbox 153 333 182 364; x_wconf 91' lang='lat'><strong>1.</strong></span> <span class='ocrx_word' id='word_1_8' title='bbox 210 331 322 363; x_wconf 83' lang='lat' dir='ltr'><strong>Electa</strong></span> <span class='ocrx_word' id='word_1_9' title='bbox 349 330 467 362; x_wconf 82' lang='lat' dir='ltr'>Christi</span> <span class='ocrx_word' id='word_1_10' title='bbox 493 328 622 361; x_wconf 82' lang='lat' dir='ltr'><strong>famula.</strong></span> 
     </span>
    </p>
   </div>
   <div class='ocr_carea' id='block_1_4' title="bbox 151 572 181 604">
    <p class='ocr_par' dir='ltr' id='par_1_4' title="bbox 151 572 181 604">
     <span class='ocr_line' id='line_1_4' title="bbox 151 572 181 604; baseline 0.067 -2"><span class='ocrx_word' id='word_1_11' title='bbox 151 572 181 604; x_wconf 81' lang='lat'><strong>2.</strong></span> 
     </span>
    </p>
   </div>
   <div class='ocr_carea' id='block_1_5' title="bbox 209 377 617 507">
    <p class='ocr_par' dir='ltr' id='par_1_5' title="bbox 209 377 617 507">
     <span class='ocr_line' id='line_1_5' title="bbox 209 377 617 418; baseline -0.002 -8"><span class='ocrx_word' id='word_1_12' title='bbox 209 379 436 418; x_wconf 78' lang='lat' dir='ltr'>Apostolorum</span> <span class='ocrx_word' id='word_1_13' title='bbox 461 377 617 417; x_wconf 87' lang='lat' dir='ltr'><strong>apostola.</strong></span> 
     </span>
     <span class='ocr_line' id='line_1_6' title="bbox 209 427 605 466; baseline -0.005 -8"><span class='ocrx_word' id='word_1_14' title='bbox 209 427 351 459; x_wconf 79' lang='lat' dir='ltr'>Pastoris</span> <span class='ocrx_word' id='word_1_15' title='bbox 376 434 473 466; x_wconf 88' lang='lat' dir='ltr'><strong>super</strong></span> <span class='ocrx_word' id='word_1_16' title='bbox 496 434 605 456; x_wconf 87' lang='lat' dir='ltr'><strong>umera</strong></span> 
     </span>
     <span class='ocr_line' id='line_1_7' title="bbox 209 473 608 507; baseline -0.008 0"><span class='ocrx_word' id='word_1_17' title='bbox 209 475 284 507; x_wconf 75' lang='lat' dir='ltr'><strong>Ovis</strong></span> <span class='ocrx_word' id='word_1_18' title='bbox 311 478 401 505; x_wconf 76' lang='lat' dir='ltr'><strong>vecta</strong></span> <span class='ocrx_word' id='word_1_19' title='bbox 426 473 608 504; x_wconf 86' lang='lat' dir='ltr'><strong>centesima.</strong></span> 
     </span>
    </p>
   </div>
   <div class='ocr_carea' id='block_1_6' title="bbox 209 569 689 746">
    <p class='ocr_par' dir='ltr' id='par_1_6' title="bbox 209 569 689 746">
     <span class='ocr_line' id='line_1_8' title="bbox 209 569 593 607; baseline -0.005 -5"><span class='ocrx_word' id='word_1_20' title='bbox 209 571 325 607; x_wconf 72' lang='lat' dir='ltr'><strong>Maria,</strong></span> <span class='ocrx_word' id='word_1_21' title='bbox 352 578 443 601; x_wconf 88' lang='lat' dir='ltr'><strong>soror</strong></span> <span class='ocrx_word' id='word_1_22' title='bbox 469 569 593 607; x_wconf 82' lang='lat' dir='ltr'>Lazari,</span> 
     </span>
     <span class='ocr_line' id='line_1_9' title="bbox 210 617 556 657; baseline -0.006 -7"><span class='ocrx_word' id='word_1_23' title='bbox 210 618 359 650; x_wconf 73' lang='lat' dir='ltr'><strong>Redivin·</strong></span> <span class='ocrx_word' id='word_1_24' title='bbox 385 617 556 657; x_wconf 76' lang='lat' dir='ltr'><strong>quatridui⁷</strong></span> 
     </span>
     <span class='ocr_line' id='line_1_10' title="bbox 210 663 689 705; baseline -0.004 -8"><span class='ocrx_word' id='word_1_25' title='bbox 210 667 424 705; x_wconf 80' lang='lat' dir='ltr'><strong>Compunctus</strong></span> <span class='ocrx_word' id='word_1_26' title='bbox 449 665 536 696; x_wconf 80' lang='lat' dir='ltr'><strong>cuius</strong></span> <span class='ocrx_word' id='word_1_27' title='bbox 562 663 689 695; x_wconf 86' lang='lat' dir='ltr'><strong>fletibus</strong></span> 
     </span>
     <span class='ocr_line' id='line_1_11' title="bbox 211 711 673 746; baseline -0.004 -1"><span class='ocrx_word' id='word_1_28' title='bbox 211 714 377 746; x_wconf 87' lang='lat' dir='ltr'><strong>Caelorum</strong></span> <span class='ocrx_word' id='word_1_29' title='bbox 403 711 490 743; x_wconf 71' lang='lat' dir='ltr'><strong>flevit</strong></span> <span class='ocrx_word' id='word_1_30' title='bbox 517 713 673 744; x_wconf 86' lang='lat' dir='ltr'><strong>dominus.</strong></span> 
     </span>
    </p>
   </div>
   <div class='ocr_carea' id='block_1_7' title="bbox 831 326 1374 510">
    <p class='ocr_par' dir='ltr' id='par_1_7' title="bbox 831 326 1374 463">
     <span class='ocr_line' id='line_1_12' title="bbox 831 326 1292 366; baseline -0.004 -7"><span class='ocrx_word' id='word_1_31' title='bbox 831 328 864 360; x_wconf 85' lang='lat'><strong>3.</strong></span> <span class='ocrx_word' id='word_1_32' title='bbox 891 326 995 358; x_wconf 77' lang='lat' dir='ltr'><strong>Nardi</strong></span> <span class='ocrx_word' id='word_1_33' title='bbox 1019 326 1132 366; x_wconf 77' lang='lat' dir='ltr'><strong>pistici</strong></span> <span class='ocrx_word' id='word_1_34' title='bbox 1158 329 1292 358; x_wconf 77' lang='lat' dir='ltr'>nectare</span> 
     </span>
     <span class='ocr_line' id='line_1_13' title="bbox 891 374 1374 414; baseline 0 -9"><span class='ocrx_word' id='word_1_35' title='bbox 891 375 979 413; x_wconf 82' lang='lat' dir='ltr'><strong>Quae</strong></span> <span class='ocrx_word' id='word_1_36' title='bbox 1003 374 1119 406; x_wconf 89' lang='lat' dir='ltr'><strong>summi</strong></span> <span class='ocrx_word' id='word_1_37' title='bbox 1143 374 1229 414; x_wconf 82' lang='lat' dir='ltr'><strong>regis</strong></span> <span class='ocrx_word' id='word_1_38' title='bbox 1253 382 1374 414; x_wconf 88' lang='lat' dir='ltr'><strong>ungere</strong></span> 
     </span>
     <span class='ocr_line' id='line_1_14' title="bbox 891 421 1302 463; baseline -0.002 -9"><span class='ocrx_word' id='word_1_39' title='bbox 891 423 997 463; x_wconf 81' lang='lat' dir='ltr'><strong>Digna</strong></span> <span class='ocrx_word' id='word_1_40' title='bbox 1022 421 1112 454; x_wconf 83' lang='lat' dir='ltr'><strong>fuisti</strong></span> <span class='ocrx_word' id='word_1_41' title='bbox 1137 422 1302 459; x_wconf 69' lang='lat' dir='ltr'><strong>verticem,</strong></span> 
     </span>
    </p>

    <p class='ocr_par' dir='ltr' id='par_1_8' title="bbox 892 470 1301 510">
     <span class='ocr_line' id='line_1_15' title="bbox 892 470 1301 510; baseline -0.005 -8"><span class='ocrx_word' id='word_1_42' title='bbox 892 470 936 503; x_wconf 96' lang='lat' dir='ltr'><strong>Ut</strong></span> <span class='ocrx_word' id='word_1_43' title='bbox 961 471 1123 502; x_wconf 60' lang='lat' dir='ltr'><strong>invenires</strong></span> <span class='ocrx_word' id='word_1_44' title='bbox 1148 470 1301 510; x_wconf 84' lang='lat' dir='ltr'><strong>requiem,</strong></span> 
     </span>
    </p>
   </div>
   <div class='ocr_carea' id='block_1_8' title="bbox 833 566 1348 742">
    <p class='ocr_par' dir='ltr' id='par_1_9' title="bbox 833 566 1348 742">
     <span class='ocr_line' id='line_1_16' title="bbox 833 566 1260 600; baseline -0.007 0"><span class='ocrx_word' id='word_1_45' title='bbox 833 570 865 600; x_wconf 87' lang='grc'><strong>4.</strong></span> <span class='ocrx_word' id='word_1_46' title='bbox 892 567 938 599; x_wconf 87' lang='lat' dir='ltr'><strong>Te</strong></span> <span class='ocrx_word' id='word_1_47' title='bbox 965 567 1072 598; x_wconf 88' lang='lat' dir='ltr'><strong>cordis</strong></span> <span class='ocrx_word' id='word_1_48' title='bbox 1099 566 1260 598; x_wconf 86' lang='lat' dir='ltr'><strong>desiderio</strong></span> 
     </span>
     <span class='ocr_line' id='line_1_17' title="bbox 891 614 1273 654; baseline -0.003 -8"><span class='ocrx_word' id='word_1_49' title='bbox 891 615 972 646; x_wconf 91' lang='lat' dir='ltr'><strong>Toto</strong></span> <span class='ocrx_word' id='word_1_50' title='bbox 998 623 1177 654; x_wconf 84' lang='lat' dir='ltr'><strong>precamur,</strong></span> <span class='ocrx_word' id='word_1_51' title='bbox 1202 614 1273 645; x_wconf 88' lang='lat' dir='ltr'><strong>oleo</strong></span> 
     </span>
     <span class='ocr_line' id='line_1_18' title="bbox 893 662 1348 702; baseline -0.004 -8"><span class='ocrx_word' id='word_1_52' title='bbox 893 663 1033 694; x_wconf 88' lang='lat' dir='ltr'><strong>Tuarum</strong></span> <span class='ocrx_word' id='word_1_53' title='bbox 1058 671 1189 702; x_wconf 89' lang='lat' dir='ltr'><strong>precum</strong></span> <span class='ocrx_word' id='word_1_54' title='bbox 1215 662 1348 693; x_wconf 85' lang='lat' dir='ltr'><strong>vulnera</strong></span> 
     </span>
     <span class='ocr_line' id='line_1_19' title="bbox 893 710 1302 742; baseline -0.002 0"><span class='ocrx_word' id='word_1_55' title='bbox 893 711 1013 742; x_wconf 85' lang='lat' dir='ltr'><strong>Reatus</strong></span> <span class='ocrx_word' id='word_1_56' title='bbox 1038 710 1141 742; x_wconf 86' lang='lat' dir='ltr'><strong>nostri</strong></span> <span class='ocrx_word' id='word_1_57' title='bbox 1166 710 1302 742; x_wconf 88' lang='lat' dir='ltr'><strong>medica.</strong></span> 
     </span>
    </p>
   </div>
   <div class='ocr_carea' id='block_1_9' title="bbox 534 807 1006 982">
    <p class='ocr_par' dir='ltr' id='par_1_10' title="bbox 534 807 1006 982">
     <span class='ocr_line' id='line_1_20' title="bbox 534 807 1006 846; baseline -0.006 -6"><span class='ocrx_word' id='word_1_58' title='bbox 534 812 566 841; x_wconf 84' lang='lat'><strong>5.</strong></span> <span class='ocrx_word' id='word_1_59' title='bbox 593 809 640 840; x_wconf 89' lang='lat' dir='ltr'><strong>Sit</strong></span> <span class='ocrx_word' id='word_1_60' title='bbox 666 812 741 839; x_wconf 86' lang='lat' dir='ltr'><strong>nato</strong></span> <span class='ocrx_word' id='word_1_61' title='bbox 768 816 838 838; x_wconf 89' lang='lat' dir='ltr'><strong>cum</strong></span> <span class='ocrx_word' id='word_1_62' title='bbox 863 807 1006 846; x_wconf 81' lang='lat' dir='ltr'><strong>ingenito</strong></span> 
     </span>
     <span class='ocr_line' id='line_1_21' title="bbox 599 854 985 895; baseline -0.008 -8"><span class='ocrx_word' id='word_1_63' title='bbox 599 856 734 895; x_wconf 85' lang='lat' dir='ltr'><strong>Parique</strong></span> <span class='ocrx_word' id='word_1_64' title='bbox 760 855 801 886; x_wconf 86' lang='lat' dir='ltr'><strong>sit</strong></span> <span class='ocrx_word' id='word_1_65' title='bbox 828 854 985 894; x_wconf 83' lang='lat' dir='ltr'><strong>paraclito</strong></span> 
     </span>
     <span class='ocr_line' id='line_1_22' title="bbox 598 903 909 942; baseline -0.006 -7"><span class='ocrx_word' id='word_1_66' title='bbox 598 904 635 935; x_wconf 92' lang='lat' dir='ltr'><strong>In</strong></span> <span class='ocrx_word' id='word_1_67' title='bbox 659 904 782 934; x_wconf 86' lang='lat' dir='ltr'><strong>unitate</strong></span> <span class='ocrx_word' id='word_1_68' title='bbox 807 903 909 942; x_wconf 81' lang='lat' dir='ltr'><strong>gloria</strong></span> 
     </span>
     <span class='ocr_line' id='line_1_23' title="bbox 599 950 977 982; baseline 0 0"><span class='ocrx_word' id='word_1_69' title='bbox 599 952 662 982; x_wconf 90' lang='lat' dir='ltr'><strong>Per</strong></span> <span class='ocrx_word' id='word_1_70' title='bbox 687 950 811 982; x_wconf 84' lang='lat' dir='ltr'><strong>infinita</strong></span> <span class='ocrx_word' id='word_1_71' title='bbox 838 950 977 982; x_wconf 88' lang='lat' dir='ltr'><strong>saecula.</strong></span> 
     </span>
    </p>
   </div>
   <div class='ocr_carea' id='block_1_10' title="bbox 153 1041 1462 1112">
    <p class='ocr_par' dir='ltr' id='par_1_11' title="bbox 153 1041 1462 1112">
     <span class='ocr_line' id='line_1_24' title="bbox 230 1041 1462 1080; baseline -0.005 -7"><span class='ocrx_word' id='word_1_72' title='bbox 230 1046 300 1073; x_wconf 62' lang='lat' dir='ltr'><strong>[od.</strong></span> <span class='ocrx_word' id='word_1_73' title='bbox 323 1045 396 1073; x_wconf 84' lang='lat' dir='ltr'><strong>Con.</strong></span> <span class='ocrx_word' id='word_1_74' title='bbox 419 1045 503 1080; x_wconf 83' lang='lat' dir='ltr'><strong>Corp.</strong></span> <span class='ocrx_word' id='word_1_75' title='bbox 525 1045 634 1072; x_wconf 72' lang='lat' dir='ltr'><strong>Christi</strong></span> <span class='ocrx_word' id='word_1_76' title='bbox 656 1045 799 1071; x_wconf 77' lang='lat' dir='ltr'><strong>Oxonien.</strong></span> <span class='ocrx_word' id='word_1_77' title='bbox 830 1042 892 1070; x_wconf 72' lang='lat'>19&#39;1&#39;.</span> <span class='ocrx_word' id='word_1_78' title='bbox 917 1052 992 1070; x_wconf 80' lang='lat' dir='ltr'><strong>saec.</strong></span> <span class='ocrx_word' id='word_1_79' title='bbox 1015 1041 1057 1069; x_wconf 80' lang='lat'><strong>12.</strong></span> <span class='ocrx_word' id='word_1_80' title='bbox 1079 1057 1116 1061; x_wconf 97' lang='lat'><strong>—</strong></span> <span class='ocrx_word' id='word_1_81' title='bbox 1137 1041 1290 1069; x_wconf 76' lang='lat' dir='ltr'><strong>Abschrit&#39;t</strong></span> <span class='ocrx_word' id='word_1_82' title='bbox 1311 1051 1370 1069; x_wconf 71' lang='lat' dir='ltr'><strong>von</strong></span> <span class='ocrx_word' id='word_1_83' title='bbox 1392 1043 1462 1069; x_wconf 75' lang='lat' dir='ltr'><strong>Rev.</strong></span> 
     </span>
     <span class='ocr_line' id='line_1_25' title="bbox 153 1085 445 1112; baseline -0.007 0"><span class='ocrx_word' id='word_1_84' title='bbox 153 1085 195 1112; x_wconf 85' lang='grc' dir='ltr'><strong>Η.</strong></span> <span class='ocrx_word' id='word_1_85' title='bbox 217 1085 256 1111; x_wconf 74' lang='grc' dir='ltr'><strong>Μ.</strong></span> <span class='ocrx_word' id='word_1_86' title='bbox 280 1085 445 1110; x_wconf 78' lang='lat' dir='ltr'><strong>Bannister.</strong></span> 
     </span>
    </p>
   </div>
   <div class='ocr_carea' id='block_1_11' title="bbox 532 1193 1063 1288">
    <p class='ocr_par' dir='ltr' id='par_1_12' title="bbox 532 1193 1063 1288">
     <span class='ocr_line' id='line_1_26' title="bbox 532 1193 1063 1233; baseline -0.002 -9"><span class='ocrx_word' id='word_1_87' title='bbox 532 1194 598 1224; x_wconf 85' lang='lat'>396.</span> <span class='ocrx_word' id='word_1_88' title='bbox 640 1194 680 1224; x_wconf 87' lang='lat' dir='ltr'><strong>De</strong></span> <span class='ocrx_word' id='word_1_89' title='bbox 700 1202 723 1223; x_wconf 85' lang='lat' dir='ltr'><strong>s.</strong></span> <span class='ocrx_word' id='word_1_90' title='bbox 745 1193 845 1224; x_wconf 70' lang='lat' dir='ltr'><strong>Maria</strong></span> <span class='ocrx_word' id='word_1_91' title='bbox 866 1193 1063 1233; x_wconf 73' lang='lat' dir='ltr'><strong>Magdaleua.</strong></span> 
     </span>
     <span class='ocr_line' id='line_1_27' title="bbox 675 1253 942 1288; baseline -0.004 -9"><span class='ocrx_word' id='word_1_92' title='bbox 675 1253 722 1279; x_wconf 78' lang='lat' dir='ltr'><strong>Ad</strong></span> <span class='ocrx_word' id='word_1_93' title='bbox 744 1253 942 1288; x_wconf 83' lang='lat' dir='ltr'><strong>Vesperas.</strong></span> 
     </span>
    </p>
   </div>
   <div class='ocr_carea' id='block_1_12' title="bbox 465 1339 1024 1522">
    <p class='ocr_par' dir='ltr' id='par_1_13' title="bbox 465 1339 1024 1522">
     <span class='ocr_line' id='line_1_28' title="bbox 465 1339 1013 1373; baseline -0.005 0"><span class='ocrx_word' id='word_1_94' title='bbox 465 1341 496 1373; x_wconf 91' lang='lat'><strong>1.</strong></span> <span class='ocrx_word' id='word_1_95' title='bbox 522 1339 769 1371; x_wconf 82' lang='lat' dir='ltr'><strong>Adcelebranda</strong></span> <span class='ocrx_word' id='word_1_96' title='bbox 796 1339 864 1370; x_wconf 87' lang='lat' dir='ltr'><strong>dies</strong></span> <span class='ocrx_word' id='word_1_97' title='bbox 889 1339 1013 1370; x_wconf 80' lang='lat' dir='ltr'><strong>Mariae</strong></span> 
     </span>
     <span class='ocr_line' id='line_1_29' title="bbox 523 1385 1024 1426; baseline -0.002 -7"><span class='ocrx_word' id='word_1_98' title='bbox 523 1388 646 1419; x_wconf 80' lang='lat' dir='ltr'><strong>Emicat</strong></span> <span class='ocrx_word' id='word_1_99' title='bbox 673 1395 776 1417; x_wconf 89' lang='lat' dir='ltr'><strong>annua</strong></span> <span class='ocrx_word' id='word_1_100' title='bbox 801 1385 1024 1426; x_wconf 77' lang='lat' dir='ltr'><strong>Magdalenae.</strong></span> 
     </span>
     <span class='ocr_line' id='line_1_30' title="bbox 524 1435 1003 1473; baseline 0 -8"><span class='ocrx_word' id='word_1_101' title='bbox 524 1435 592 1473; x_wconf 89' lang='lat' dir='ltr'><strong>Qua</strong></span> <span class='ocrx_word' id='word_1_102' title='bbox 617 1443 749 1473; x_wconf 85' lang='lat' dir='ltr'><strong>superos</strong></span> <span class='ocrx_word' id='word_1_103' title='bbox 776 1435 886 1464; x_wconf 83' lang='lat' dir='ltr'><strong>sitiens</strong></span> <span class='ocrx_word' id='word_1_104' title='bbox 912 1435 1003 1473; x_wconf 84' lang='lat' dir='ltr'><strong>petiit</strong></span> 
     </span>
     <span class='ocr_line' id='line_1_31' title="bbox 523 1482 940 1522; baseline -0.002 -8"><span class='ocrx_word' id='word_1_105' title='bbox 523 1484 571 1514; x_wconf 89' lang='lat' dir='ltr'><strong>Ac</strong></span> <span class='ocrx_word' id='word_1_106' title='bbox 598 1482 765 1522; x_wconf 83' lang='lat' dir='ltr'><strong>pereuntia</strong></span> <span class='ocrx_word' id='word_1_107' title='bbox 791 1482 940 1514; x_wconf 84' lang='lat' dir='ltr'><strong>deseruit.</strong></span> 
     </span>
    </p>
   </div>
   <div class='ocr_carea' id='block_1_13' title="bbox 467 1577 1088 1760">
    <p class='ocr_par' dir='ltr' id='par_1_14' title="bbox 467 1577 1088 1760">
     <span class='ocr_line' id='line_1_32' title="bbox 467 1577 1030 1617; baseline -0.004 -7"><span class='ocrx_word' id='word_1_108' title='bbox 467 1580 499 1611; x_wconf 88' lang='lat'><strong>2.</strong></span> <span class='ocrx_word' id='word_1_109' title='bbox 526 1579 591 1609; x_wconf 88' lang='lat' dir='ltr'><strong>Ista</strong></span> <span class='ocrx_word' id='word_1_110' title='bbox 617 1577 750 1617; x_wconf 86' lang='lat' dir='ltr'><strong>rigando</strong></span> <span class='ocrx_word' id='word_1_111' title='bbox 776 1578 875 1616; x_wconf 86' lang='lat' dir='ltr'><strong>pedes</strong></span> <span class='ocrx_word' id='word_1_112' title='bbox 902 1577 1030 1608; x_wconf 90' lang='lat' dir='ltr'><strong>Domini</strong></span> 
     </span>
     <span class='ocr_line' id='line_1_33' title="bbox 525 1624 983 1665; baseline 0 -9"><span class='ocrx_word' id='word_1_113' title='bbox 525 1625 648 1665; x_wconf 86' lang='lat' dir='ltr'><strong>Sponsa</strong></span> <span class='ocrx_word' id='word_1_114' title='bbox 674 1625 734 1656; x_wconf 91' lang='lat' dir='ltr'><strong>Dei</strong></span> <span class='ocrx_word' id='word_1_115' title='bbox 762 1625 875 1655; x_wconf 83' lang='lat' dir='ltr'><strong>meruit</strong></span> <span class='ocrx_word' id='word_1_116' title='bbox 902 1624 983 1656; x_wconf 82' lang='lat' dir='ltr'><strong>fieri.</strong></span> 
     </span>
     <span class='ocr_line' id='line_1_34' title="bbox 524 1672 981 1712; baseline -0.004 -7"><span class='ocrx_word' id='word_1_117' title='bbox 524 1673 549 1705; x_wconf 96' lang='lat' dir='ltr'>O</span> <span class='ocrx_word' id='word_1_118' title='bbox 576 1673 758 1704; x_wconf 81' lang='lat' dir='ltr'><strong>veneranda</strong></span> <span class='ocrx_word' id='word_1_119' title='bbox 782 1672 843 1704; x_wconf 90' lang='lat' dir='ltr'><strong>Dei</strong></span> <span class='ocrx_word' id='word_1_120' title='bbox 867 1673 981 1712; x_wconf 70' lang='lat' dir='ltr'><strong>pietas,</strong></span> 
     </span>
     <span class='ocr_line' id='line_1_35' title="bbox 525 1720 1088 1760; baseline -0.002 -8"><span class='ocrx_word' id='word_1_121' title='bbox 525 1721 665 1752; x_wconf 76' lang='lat' dir='ltr'><strong>Crimina</strong></span> <span class='ocrx_word' id='word_1_122' title='bbox 691 1729 771 1760; x_wconf 86' lang='lat' dir='ltr'><strong>quae</strong></span> <span class='ocrx_word' id='word_1_123' title='bbox 796 1720 920 1751; x_wconf 77' lang='lat' dir='ltr'><strong>Mariae</strong></span> <span class='ocrx_word' id='word_1_124' title='bbox 946 1721 1088 1752; x_wconf 74' lang='lat' dir='ltr'><strong>relevas!</strong></span> 
     </span>
    </p>
   </div>
   <div class='ocr_carea' id='block_1_14' title="bbox 471 1815 1117 1998">
    <p class='ocr_par' dir='ltr' id='par_1_15' title="bbox 471 1815 1117 1998">
     <span class='ocr_line' id='line_1_36' title="bbox 471 1815 1067 1850; baseline -0.005 0"><span class='ocrx_word' id='word_1_125' title='bbox 471 1818 503 1850; x_wconf 87' lang='lat'><strong>3.</strong></span> <span class='ocrx_word' id='word_1_126' title='bbox 532 1816 662 1848; x_wconf 88' lang='lat' dir='ltr'><strong>Concita</strong></span> <span class='ocrx_word' id='word_1_127' title='bbox 689 1815 747 1847; x_wconf 87' lang='lat' dir='ltr'><strong>sub</strong></span> <span class='ocrx_word' id='word_1_128' title='bbox 773 1815 915 1846; x_wconf 86' lang='lat' dir='ltr'><strong>tenebris</strong></span> <span class='ocrx_word' id='word_1_129' title='bbox 937 1817 1067 1847; x_wconf 72' lang='lat' dir='ltr'><strong>veniens</strong></span> 
     </span>
     <span class='ocr_line' id='line_1_37' title="bbox 527 1863 1117 1904; baseline 0 -8"><span class='ocrx_word' id='word_1_130' title='bbox 527 1864 580 1896; x_wconf 88' lang='lat' dir='ltr'><strong>Ad</strong></span> <span class='ocrx_word' id='word_1_131' title='bbox 606 1863 759 1894; x_wconf 89' lang='lat' dir='ltr'><strong>tumulum</strong></span> <span class='ocrx_word' id='word_1_132' title='bbox 786 1872 980 1904; x_wconf 77' lang='lat' dir='ltr'><strong>vacuumque</strong></span> <span class='ocrx_word' id='word_1_133' title='bbox 1006 1864 1117 1896; x_wconf 79' lang='lat' dir='ltr'><strong>videns</strong></span> 
     </span>
     <span class='ocr_line' id='line_1_38' title="bbox 529 1911 1107 1951; baseline -0.002 -7"><span class='ocrx_word' id='word_1_134' title='bbox 529 1911 675 1944; x_wconf 86' lang='lat' dir='ltr'><strong>Credidit</strong></span> <span class='ocrx_word' id='word_1_135' title='bbox 702 1911 761 1942; x_wconf 86' lang='lat' dir='ltr'><strong>hoc</strong></span> <span class='ocrx_word' id='word_1_136' title='bbox 787 1911 891 1942; x_wconf 85' lang='lat' dir='ltr'><strong>scelus</strong></span> <span class='ocrx_word' id='word_1_137' title='bbox 917 1920 986 1943; x_wconf 86' lang='lat' dir='ltr'><strong>esse</strong></span> <span class='ocrx_word' id='word_1_138' title='bbox 1008 1913 1107 1951; x_wconf 82' lang='lat' dir='ltr'><strong>pium.</strong></span> 
     </span>
     <span class='ocr_line' id='line_1_39' title="bbox 527 1958 1092 1998; baseline 0.004 -8"><span class='ocrx_word' id='word_1_139' title='bbox 527 1959 659 1998; x_wconf 87' lang='lat' dir='ltr'><strong>Quaerit</strong></span> <span class='ocrx_word' id='word_1_140' title='bbox 682 1958 809 1998; x_wconf 88' lang='lat' dir='ltr'><strong>ubique,</strong></span> <span class='ocrx_word' id='word_1_141' title='bbox 839 1959 925 1990; x_wconf 91' lang='lat' dir='ltr'><strong>dolet</strong></span> <span class='ocrx_word' id='word_1_142' title='bbox 951 1960 1092 1993; x_wconf 88' lang='lat' dir='ltr'><strong>nimium.</strong></span> 
     </span>
    </p>
   </div>
   <div class='ocr_carea' id='block_1_15' title="bbox 470 2054 1139 2240">
    <p class='ocr_par' dir='ltr' id='par_1_16' title="bbox 470 2054 1139 2240">
     <span class='ocr_line' id='line_1_40' title="bbox 470 2054 1139 2095; baseline 0 -8"><span class='ocrx_word' id='word_1_143' title='bbox 470 2056 503 2087; x_wconf 81' lang='lat'><strong>4.</strong></span> <span class='ocrx_word' id='word_1_144' title='bbox 529 2054 612 2086; x_wconf 88' lang='lat' dir='ltr'><strong>Dum</strong></span> <span class='ocrx_word' id='word_1_145' title='bbox 638 2055 734 2095; x_wconf 87' lang='lat' dir='ltr'><strong>gemit</strong></span> <span class='ocrx_word' id='word_1_146' title='bbox 760 2059 791 2085; x_wconf 91' lang='lat' dir='ltr'><strong>et</strong></span> <span class='ocrx_word' id='word_1_147' title='bbox 817 2055 973 2095; x_wconf 78' lang='lat' dir='ltr'><strong>queritur,</strong></span> <span class='ocrx_word' id='word_1_148' title='bbox 1000 2054 1139 2087; x_wconf 83' lang='lat' dir='ltr'><strong>famulae</strong></span> 
     </span>
     <span class='ocr_line' id='line_1_41' title="bbox 527 2102 1126 2143; baseline 0.003 -10"><span class='ocrx_word' id='word_1_149' title='bbox 527 2103 617 2134; x_wconf 85' lang='lat' dir='ltr'><strong>Iesus</strong></span> <span class='ocrx_word' id='word_1_150' title='bbox 642 2103 734 2134; x_wconf 84' lang='lat' dir='ltr'><strong>adest</strong></span> <span class='ocrx_word' id='word_1_151' title='bbox 759 2102 909 2142; x_wconf 84' lang='lat' dir='ltr'><strong>precibus</strong></span> <span class='ocrx_word' id='word_1_152' title='bbox 935 2103 1126 2143; x_wconf 83' lang='lat' dir='ltr'><strong>quaerulae3</strong></span> 
     </span>
     <span class='ocr_line' id='line_1_42' title="bbox 529 2150 1110 2191; baseline 0.003 -10"><span class='ocrx_word' id='word_1_153' title='bbox 529 2150 606 2189; x_wconf 90' lang='lat' dir='ltr'><strong>Quis</strong></span> <span class='ocrx_word' id='word_1_154' title='bbox 631 2151 672 2181; x_wconf 88' lang='lat' dir='ltr'><strong>sit</strong></span> <span class='ocrx_word' id='word_1_155' title='bbox 699 2155 730 2181; x_wconf 91' lang='lat' dir='ltr'><strong>et</strong></span> <span class='ocrx_word' id='word_1_156' title='bbox 755 2150 841 2182; x_wconf 88' lang='lat' dir='ltr'><strong>unde</strong></span> <span class='ocrx_word' id='word_1_157' title='bbox 866 2151 907 2181; x_wconf 88' lang='lat' dir='ltr'><strong>sit</strong></span> <span class='ocrx_word' id='word_1_158' title='bbox 932 2151 965 2182; x_wconf 91' lang='lat' dir='ltr'><strong>in</strong></span> <span class='ocrx_word' id='word_1_159' title='bbox 992 2151 1110 2191; x_wconf 65' lang='lat' dir='ltr'><strong>dubiog</strong></span> 
     </span>
     <span class='ocr_line' id='line_1_43' title="bbox 530 2198 1107 2240; baseline 0.002 -10"><span class='ocrx_word' id='word_1_160' title='bbox 530 2198 666 2230; x_wconf 83' lang='lat' dir='ltr'><strong>Nomine</strong></span> <span class='ocrx_word' id='word_1_161' title='bbox 691 2198 833 2230; x_wconf 87' lang='lat' dir='ltr'><strong>nominat</strong></span> <span class='ocrx_word' id='word_1_162' title='bbox 857 2198 941 2230; x_wconf 88' lang='lat' dir='ltr'><strong>hanc</strong></span> <span class='ocrx_word' id='word_1_163' title='bbox 965 2200 1107 2240; x_wconf 87' lang='lat' dir='ltr'><strong>proprio.</strong></span> 
     </span>
    </p>
   </div>
   <div class='ocr_carea' id='block_1_16' title="bbox 472 2294 1081 2479">
    <p class='ocr_par' dir='ltr' id='par_1_17' title="bbox 472 2294 1081 2479">
     <span class='ocr_line' id='line_1_44' title="bbox 472 2294 1081 2337; baseline 0.002 -11"><span class='ocrx_word' id='word_1_164' title='bbox 472 2296 504 2327; x_wconf 80' lang='lat'><strong>5.</strong></span> <span class='ocrx_word' id='word_1_165' title='bbox 530 2294 675 2334; x_wconf 84' lang='lat' dir='ltr'><strong>Tangere</strong></span> <span class='ocrx_word' id='word_1_166' title='bbox 701 2302 735 2324; x_wconf 86' lang='lat' dir='ltr'><strong>se</strong></span> <span class='ocrx_word' id='word_1_167' title='bbox 759 2294 959 2334; x_wconf 86' lang='lat' dir='ltr'><strong>prohibendo</strong></span> <span class='ocrx_word' id='word_1_168' title='bbox 984 2300 1081 2337; x_wconf 87' lang='lat' dir='ltr'><strong>vetat,</strong></span> 
     </span>
     <span class='ocr_line' id='line_1_45' title="bbox 531 2341 1060 2384; baseline 0.006 -12"><span class='ocrx_word' id='word_1_169' title='bbox 531 2341 638 2374; x_wconf 79' lang='lat' dir='ltr'><strong>Verba</strong></span> <span class='ocrx_word' id='word_1_170' title='bbox 663 2341 725 2373; x_wconf 89' lang='lat' dir='ltr'><strong>Dei</strong></span> <span class='ocrx_word' id='word_1_171' title='bbox 749 2342 837 2373; x_wconf 89' lang='lat' dir='ltr'><strong>iubet</strong></span> <span class='ocrx_word' id='word_1_172' title='bbox 861 2348 897 2374; x_wconf 89' lang='lat' dir='ltr'><strong>ut</strong></span> <span class='ocrx_word' id='word_1_173' title='bbox 922 2341 1060 2384; x_wconf 79' lang='lat' dir='ltr'><strong>referat3</strong></span> 
     </span>
     <span class='ocr_line' id='line_1_46' title="bbox 529 2390 1077 2433; baseline 0.007 -13"><span class='ocrx_word' id='word_1_174' title='bbox 529 2391 617 2430; x_wconf 79' lang='lat' dir='ltr'><strong>Quae</strong></span> <span class='ocrx_word' id='word_1_175' title='bbox 642 2390 758 2421; x_wconf 88' lang='lat' dir='ltr'><strong>mulier</strong></span> <span class='ocrx_word' id='word_1_176' title='bbox 779 2390 954 2422; x_wconf 56' lang='lat' dir='ltr'><strong>reseranda</strong></span> <span class='ocrx_word' id='word_1_177' title='bbox 978 2391 1077 2433; x_wconf 77' lang='lat' dir='ltr'><strong>videt,</strong></span> 
     </span>
     <span class='ocr_line' id='line_1_47' title="bbox 530 2437 991 2479; baseline 0 -9"><span class='ocrx_word' id='word_1_178' title='bbox 530 2437 707 2478; x_wconf 83' lang='lat' dir='ltr'><strong>Discipulis</strong></span> <span class='ocrx_word' id='word_1_179' title='bbox 731 2437 869 2470; x_wconf 83' lang='lat' dir='ltr'><strong>reticere</strong></span> <span class='ocrx_word' id='word_1_180' title='bbox 893 2439 991 2479; x_wconf 83' lang='lat' dir='ltr'><strong>piget.</strong></span> 
     </span>
    </p>
   </div>
  </div>
 </body>
</html>
