1653 2656
729 133 986 168 —311—

440 230 496 264 10.
521 230 620 263 Caelo
647 231 768 263 ditatus
792 240 936 264 umerum
964 231 1099 269 curavit,

520 279 654 311 Manum
680 284 713 311 et
736 279 831 319 latus,
858 289 938 320 opus
964 280 1118 320 erogavit,

523 329 651 368 Aegrae
677 328 804 368 puellae
829 328 1001 360 subvenire
1026 328 1110 359 velle

603 376 729 408 Somnis
756 377 907 408 ostendit.

445 478 498 509 11.
527 477 642 508 Prunis
670 477 811 509 extensis
838 481 975 510 stratum
1002 477 1221 517 praeparavit,

525 526 603 565 Igne
630 526 792 557 succensis
819 525 960 557 Ganeam
988 526 1124 567 vocavit,

527 573 569 606 Ut
597 582 703 605 secum
731 577 832 605 staret
858 574 938 613 pati,
969 574 1056 613 quod
1083 577 1218 611 amaret,

605 623 679 662 Ipse
707 622 844 661 rogavit.

454 723 508 755 12.
539 719 685 766 Caeli[ci]
713 723 799 754 cives
826 726 917 754 nocte
944 723 1171 762 adhaeserust,

532 770 671 802 Famina
699 779 789 802 sacra
817 771 956 810 plurima
981 771 1134 811 tulerunt,

528 819 628 858 Roget
655 823 689 850 ut
714 819 784 858 ipse
811 819 983 850 Dominum
1010 819 1139 858 obnixe,

604 867 749 898 Petimus
776 876 896 900 omneS.

446 969 501 1000 13.
530 967 660 999 Summo
686 968 728 998 sit
754 968 833 1008 laus,
863 967 965 1007 gloria
992 967 1129 1009 parenti,

527 1015 645 1047 Genito
671 1024 799 1055 semper
824 1015 864 1046 sit
892 1019 924 1046 et
949 1015 1150 1054 procedenti,

528 1063 659 1095 Numini
689 1064 784 1104 trino,
812 1063 907 1094 unico
935 1063 1055 1103 divino,

605 1111 699 1143 Nunc
725 1116 755 1142 et
782 1111 813 1141 in
842 1119 965 1142 aevum.

274 1217 346 1243 flod.
372 1216 563 1243 Alexandria.
586 1213 623 1242 93
642 1216 710 1247 (111)
731 1224 807 1242 saec.
831 1214 874 1242 17.
895 1229 932 1234 ——
953 1214 979 1243 3.
1001 1214 1019 1241 3
1042 1216 1174 1242 oriendo.
1199 1231 1230 1234 —
1254 1215 1281 1248 6,
1304 1214 1320 1243 2
1343 1226 1428 1251 quem
1452 1218 1492 1243 in.

557 1387 623 1419 523.
666 1388 707 1418 De
729 1396 752 1418 s.
776 1387 944 1419 wilhelmo
966 1387 1173 1419 Vercellensi.

709 1468 757 1494 Ad
784 1468 1031 1495 Nocturnum.

471 1568 501 1600 1.
529 1566 618 1598 Deus
645 1571 839 1601 sanctorum,
869 1566 945 1603 vita,
972 1567 1026 1598 lux
1054 1571 1191 1605 tuorum,

528 1615 672 1647 Trinitas
699 1618 821 1655 sancta,
850 1615 957 1646 unitas
984 1616 1149 1655 immensa,

527 1665 563 1695 ln
591 1662 787 1695 confessoris
814 1663 967 1695 laudibus
994 1664 1149 1704 benignus

605 1712 740 1752 Semper
769 1711 893 1744 adesto.

466 1816 485 1846 Ιζα

492 1840 499 1846 .
528 1814 590 1846 Hic
616 1814 770 1846 mundum
798 1823 953 1854 spernens
981 1819 1012 1845 et
1039 1823 1180 1854 superna
1207 1823 1376 1855 quaerens,

526 1863 675 1894 Mortuus
701 1863 821 1895 mundo
848 1863 959 1894 vivens
983 1866 1012 1894 et
1042 1864 1073 1894 in
1102 1863 1242 1902 Christo,

528 1911 691 1943 Caelicum
719 1920 848 1951 semper
874 1921 954 1952 opus
981 1912 1047 1952 agit
1075 1912 1127 1951 pie

604 1961 742 1992 Munere
770 1960 913 2000 dignum.

469 2065 500 2096 3.
532 2063 604 2095 Hoc
631 2063 717 2095 vitae
744 2063 845 2094 salum
874 2063 985 2094 taliter
1012 2061 1173 2101 transivit,

528 2113 619 2151 Quod
649 2112 799 2143 vitiorum
827 2110 927 2142 fluctu
951 2120 1013 2142 non
1042 2114 1090 2141 est.
1117 2119 1249 2149 mersus,

529 2161 632 2193 Immo
660 2161 774 2192 beatae
802 2163 931 2192 sanctus
959 2163 1086 2199 portum
1115 2159 1200 2190 vitae

606 2210 751 2249 Contigit
776 2209 889 2240 almus.

470 2315 501 2345 4.
530 2312 766 2344 Miraeulorum
794 2311 974 2342 coruscavit
1004 2311 1086 2347 luce,

528 2362 618 2400 Quae
644 2370 701 2392 nos
729 2364 881 2392 canentes
908 2359 978 2391 Deo
1005 2358 1188 2397 iubilamus,

527 2410 590 2450 Qui
618 2413 747 2441 sanctos
774 2409 845 2449 pios
873 2407 1034 2448 refulgere
1062 2408 1142 2439 miro

607 2458 775 2490 Praestitit
802 2461 886 2490 actu.
