1653 2656
205 811 224 843 3

741 143 906 178 -307
962 164 1005 169 —

638 233 699 265 516.
742 234 784 266 De
805 238 914 268 sancto
938 237 1114 270 Vincentio.

763 297 786 323 Α
795 296 812 323 d
841 298 866 324 L
877 298 944 325 aud
952 308 968 326 e
976 308 1000 326 s.

232 393 239 401 ,
267 366 402 400 Athleta
428 373 494 402 stat
519 372 693 405 immobilis

268 415 465 456 Torquentis
493 420 603 452 ridens
632 421 758 465 furiam,

268 463 338 495 Nec
363 474 453 498 mens
476 471 618 501 terretur
644 470 761 502 nobilis

266 512 319 544 Ad
347 514 429 546 caeli
455 516 584 555 spirans
611 518 743 553 curiam.

231 612 238 620 .
268 588 393 622 Cuncta
419 592 550 624 vincens
577 595 748 636 supplicia,

266 637 376 670 Armis
402 642 608 679 praecinctus
636 643 773 685 bellicis,

267 685 486 720 Transcendit
509 690 551 722 ad
578 689 687 723 felicia

268 735 347 766 Cum
374 737 508 768 canticis
535 739 700 779 angelicis.

229 836 236 843 .
263 810 390 843 Exutus
417 813 653 854 derelinquitur

266 859 481 893 Devorandus
507 872 526 894 a
554 863 675 904 bestiis,

268 907 331 940 Sed
360 909 400 940 ab
427 910 493 941 illis
521 911 708 944 defenditur

269 955 433 989 Custodiis
460 960 625 999 angelicis,

907 379 938 409 4.
967 379 1137 419 Tyrannus
1163 380 1245 411 liunc
1271 381 1303 412 in
1331 380 1460 415 flumina

969 426 1120 458 Sanctum
1149 428 1291 469 demergi
1318 431 1489 472 praecipit,

971 473 1034 505 Sed
1062 484 1149 507 mare
1175 480 1264 508 recto
1290 479 1419 510 tramite

969 521 1094 562 Corpus
1120 524 1162 555 ad
1189 524 1264 556 litus
1292 527 1419 566 proicit.

933 623 938 628 .
969 599 1098 631 Fideles
1125 610 1197 632 ossa
1224 602 1377 642 colligunt

968 647 1087 687 Magno
1114 649 1227 681 referti
1251 651 1379 693 gaudio,

968 695 1045 726 Cum
1073 696 1194 728 honore
1220 699 1380 739 sepeliunt

968 744 1095 784 Ingenti
1122 754 1192 776 cum
1220 747 1374 786 tripudio.

917 821 939 852 ’ἶ
971 820 1112 859 Praesta,
1142 821 1237 854 beata
1263 824 1403 865 trinitas,

969 868 1013 901 Ut
1038 870 1105 900 eius
1132 872 1370 910 precaminibus

968 916 1068 947 Nobis
1096 918 1190 949 detur
1216 922 1391 952 amoenitas

967 967 1045 996 Cum
1074 967 1200 1005 superis
1228 969 1421 1008 agminibus

282 1031 392 1067 Hymn.
417 1042 469 1060 ms.
492 1034 521 1061 S.
544 1035 624 1062 Petri
646 1037 733 1063 Mart.
757 1038 875 1065 Utinen.
898 1048 974 1065 saec.
1002 1039 1042 1066 16.
1066 1040 1135 1068 Cod.
1159 1042 1247 1069 Civit.
1266 1045 1386 1072 Utinen.
1410 1056 1431 1072 s.
1456 1056 1483 1073 u.
1507 1061 1543 1066 —-

255 1108 272 1124 ¹)

225 1128 231 1140 ,
255 1108 270 1135 ξ.
294 1111 351 1137 wie
373 1111 458 1138 oben.

223 1089 230 1101 ‚
253 1070 270 1097 3
286 1071 348 1098 Nec
370 1081 471 1099 omnes
493 1076 605 1101 teratur
627 1076 745 1102 nobilis.
768 1091 804 1096 -
824 1075 851 1108 4,
874 1075 891 1103 2
912 1077 1064 1112 demergit.
1086 1095 1123 1098 —
1139 1079 1164 1112 5,
1193 1080 1205 1107 1
1230 1086 1310 1109 ostra
1332 1084 1486 1120 colligunt.
1508 1102 1539 1105 —

633 1197 693 1228 517.
734 1198 776 1229 De
799 1202 909 1231 sancto
932 1200 1110 1232 Vincentio.

228 1298 234 1305 .
262 1271 397 1304 Levitae
422 1274 485 1306 iam
514 1276 675 1308 Vincentii

262 1320 484 1362 Martyrisque
511 1324 685 1357 laudabilis

263 1369 367 1401 Instat
393 1371 575 1411 triumphus
602 1373 728 1413 nobilis,

262 1416 378 1457 Dignis
405 1419 546 1451 colamus
573 1423 745 1458 mentibus.

230 1519 237 1526 .
270 1493 366 1525 Hunc
392 1495 554 1529 Dacianus
580 1498 725 1538 perfidus

269 1544 452 1582 Aggressus
479 1550 527 1576 est
552 1547 718 1587 agonibus,

265 1589 329 1622 Sed
356 1593 535 1631 proeliator
559 1596 690 1627 inclitus

264 1639 398 1672 Bellans
420 1642 500 1673 vicit
526 1643 674 1676 viriliter.

229 1742 236 1750 .
266 1717 413 1758 Flagella
441 1729 513 1751 nam
540 1723 738 1765 saevissima,

265 1766 380 1798 Eculei
407 1769 592 1809 suspendia,

266 1815 467 1849 Adustiones
496 1818 627 1858 ignium,

265 1863 412 1905 Tempsit
438 1875 498 1906 pro
525 1867 646 1900 Christi
671 1869 787 1909 gloria.

230 1965 237 1973 .
265 1941 365 1980 Quem
392 1943 485 1975 miles
510 1945 749 1985 imperterritus

266 1990 308 2023 Ut
335 1996 506 2032 promptus
532 1994 565 2026 in
592 1997 770 2028 certamina

262 2040 354 2072 Inter
378 2050 491 2073 manus
517 2043 703 2076 carnificum

265 2087 363 2120 Suum
391 2090 553 2123 clamabat
580 2093 762 2128 Dominum.

903 1283 934 1313 5.
959 1283 1019 1312 Ast
1046 1282 1119 1313 hinc
1147 1288 1277 1316 caterva
1305 1287 1443 1326 ethnica,

962 1329 1049 1360 Diris
1073 1340 1225 1364 succensa
1253 1333 1358 1375 furiis,

962 1378 1062 1409 Omne
1088 1389 1187 1418 genus
1214 1383 1367 1423 supplicii

963 1428 1127 1459 concessit
1154 1430 1186 1460 in
1216 1431 1433 1465 vincentium.

921 1505 939 1534 ⁸.
968 1504 1081 1543 Stupet
1109 1509 1265 1545 tyrannus
1292 1507 1448 1548 fervidus,

968 1553 1059 1590 Quod
1086 1563 1148 1585 nou
1175 1555 1304 1587 valebat
1326 1558 1465 1597 vincere,

968 1600 1060 1632 lubet
1088 1603 1228 1635 cadaver
1253 1605 1396 1638 lacerum

967 1648 1059 1681 Feris
1087 1651 1201 1683 iactari
1229 1654 1385 1689 trucibus,

931 1752 937 1759 .
966 1727 1090 1768 Nempe
1118 1738 1215 1761 corax
1243 1731 1396 1764 excubias

965 1776 1160 1817 Impendens
1187 1779 1279 1810 adest
1307 1781 1393 1821 ilico,

962 1826 1030 1864 Quo
1057 1835 1131 1858 aves
1160 1832 1249 1858 arcet
1277 1834 1401 1861 ceteras

965 1873 1016 1904 Ab
1044 1875 1110 1906 eius
1135 1880 1246 1908 sancto
1273 1886 1420 1918 corpore.

930 1977 936 1983 .
965 1951 1033 1982 Nec
1059 1962 1121 1983 non
1148 1953 1233 1984 inter
1259 1963 1418 1994 aequorea

964 2000 1126 2032 Mirabilis
1155 2002 1280 2041 enituit,

968 2048 1062 2080 Unde
1088 2050 1229 2082 inlaesus
1256 2052 1335 2083 exiit

964 2097 1082 2129 Divino
1108 2099 1228 2139 quippe
1255 2101 1384 2141 remige.

569 2173 601 2204 9.
629 2172 789 2211 Vincenti,
818 2178 941 2215 martyr
967 2176 1098 2217 optime,

626 2220 688 2253 Ora
717 2232 777 2262 pro
803 2222 895 2254 nobis
921 2224 1050 2264 iugiter,

625 2269 669 2302 Ut
696 2270 810 2304 laudes
839 2271 953 2311 dignos
980 2272 1119 2305 Domino

625 2318 813 2351 Reddamus
840 2321 925 2352 omni
953 2325 1109 2362 tempore.

274 2399 386 2436 Hymn.
416 2410 470 2429 ms.
502 2403 702 2432 Beneventan.
732 2415 809 2433 saec.
839 2405 883 2434 10.
905 2417 948 2435 ex.
973 2409 1044 2436 (jod.
1068 2409 1163 2435 Vatic.
1187 2410 1287 2437 Ottob.
1313 2409 1376 2438 145.
1399 2429 1434 2432 —
1461 2412 1490 2446 1,
1527 2414 1539 2441 l

195 2439 305 2466 Levita
326 2441 373 2467 vir
394 2440 557 2469 Vincentii.
579 2457 616 2461 —
638 2444 672 2478 6,
698 2442 716 2472 3
737 2445 873 2473 nadaber.
896 2461 932 2465 —
955 2446 987 2479 7,
1014 2446 1032 2475 2
1054 2448 1218 2483 Impendes.
1243 2465 1278 2468 —
1301 2448 1336 2482 7,
1363 2451 1381 2478 :3
1403 2453 1468 2485 Qun,
1492 2455 1546 2480 :ms

195 2478 280 2504 miris
301 2478 443 2513 (dai-iiber
463 2480 506 2513 re)
526 2485 649 2509 ceteras.
672 2498 709 2503 —
731 2482 758 2516 8,
780 2482 798 2511 2
819 2486 1000 2513 Mirabilmn.

1289 2537 1348 2566 20⁵
