1653 2656
712 144 969 177 —128—

380 243 412 274 6.
439 241 511 274 Oris
538 245 632 281 atque
656 239 771 272 mentis
797 240 931 271 salutem
956 238 1097 278 petentis

436 289 517 321 Dum
542 288 724 320 necessaria
748 296 834 318 mors
859 287 957 318 instat
985 286 1047 328 pia,

436 337 529 368 Cedit
556 336 629 368 hinc
655 334 739 367 furia
764 335 901 366 hostium
925 334 1010 374 quia.

382 439 412 470 7.
440 437 525 476 Ergo
551 437 606 468 uni
632 437 716 468 trino
741 435 874 467 iubilum
901 434 987 473 bino,

435 485 590 519 Praestet.
617 493 657 515 ne
684 493 740 515 nos
767 492 901 515 naevum
927 482 969 514 ad
995 482 1078 514 latus
1105 482 1228 514 laevum

439 532 546 572 Locet,
575 530 687 572 fugans
713 540 840 562 saevum
868 531 971 562 salvet
995 531 1028 562 in
1050 539 1175 564 aevum.

260 633 344 658 Brev.
367 640 420 657 ms.
442 631 619 657 Pataviense
641 638 715 657 saec.
741 628 784 656 15.
806 629 877 657 Cod.
899 629 1104 656 Vindobonen.
1128 626 1210 656 1843.
1234 642 1267 646 —
1292 629 1351 655 Der
1371 624 1500 654 Korrek-

182 674 266 697 turen
288 678 384 695 waren
405 677 436 695 ει)
459 668 533 695 viele
555 669 651 703 nfitig,
673 668 736 695 dass
764 677 794 695 es
814 676 861 694 am
885 667 1067 694 einfachsten
1088 669 1142 699 ist,
1163 667 1219 694 den
1241 666 1409 694 entstellteu
1427 665 1503 693 Text

183 709 233 735 der
254 708 306 735 Hs.
329 704 426 743 folgen
448 716 483 734 zu
505 707 619 733 lassen:

261 745 284 772 1.
306 746 483 773 Cunctorum
505 745 716 780 plasmatorum
739 753 833 771 rerum
855 745 967 771 futurtu
989 744 1062 779 legis
1078 747 1239 779 martyrum
1253 743 1387 770 dolorum
1403 742 1499 770 dirum

183 785 256 811 dans
279 784 314 810 ad
336 784 410 810 caeli
431 792 534 819 gyrum
556 783 696 818 gaudium
719 784 833 809 mirum.

260 822 286 849 *.'.
308 821 462 848 Erasmum
491 825 522 848 tu
549 822 629 848 wlcis
652 821 758 848 solaris
779 825 807 848 et
827 821 922 848 dulcis
944 824 1092 856 poi-tentes
1114 824 1142 848 et
1164 821 1256 856 signis
1277 823 1388 854 martyr
1409 820 1499 854 insig-

182 863 228 888 nis
251 861 335 887 miles
358 861 451 886 maior
471 860 569 895 dignis
590 869 643 886 nec
663 868 722 886 non
743 860 887 895 benignis.

259 900 287 925 Ρ..
312 899 464 925 Anastasii
487 901 587 924 natum
608 899 705 924 carnis
727 901 818 924 morte
841 901 964 924 stratum
986 897 1058 924 dans
1079 899 1159 924 vitae
1176 898 1319 933 pristinae
1335 899 1403 923 sunt
1418 896 1500 922 verbi

183 939 280 964 minae
303 940 334 964 tu
356 938 489 972 regnanti
511 937 574 963 sine
596 936 726 971 gaudens
748 936 816 962 hinc
837 937 909 963 sine.

260 975 287 1002 4.
310 975 383 1002 Eius
400 976 455 1002 Dei
479 976 552 1001 mira
574 975 656 1009 plebs
678 974 774 1000 cordis
797 974 861 1008 lyra
882 975 996 1001 fervens
1018 983 1076 1002 non
1098 974 1189 1001 afficit
1209 982 1273 1000 cum
1290 976 1321 999 ut
1335 972 1407 999 dicit
1422 973 1500 999 ollae

183 1014 233 1041 sed
256 1023 307 1040 nee
333 1015 383 1040 icit
404 1013 480 1039 hunc
503 1014 626 1039 suscitat
646 1016 804 1047 conspeetu
825 1014 905 1039 vicit.

259 1051 285 1078 5
310 1052 439 1078 Artuarii
462 1052 534 1077 visis
557 1059 677 1085 asperus
698 1051 734 1085 dy
757 1051 839 1078 visus
860 1051 916 1077 fuit
937 1051 1013 1077 hunc
1036 1051 1160 1077 suscitat
1180 1049 1216 1076 ad
1239 1050 1330 1076 vitam
1354 1049 1426 1075 citat
1446 1049 1497 1083 qui

183 1091 276 1116 minas
298 1090 380 1116 dicas
402 1098 471 1116 suos
492 1092 521 1116 et
542 1089 657 1115 multos.

263 1126 287 1154 6.
311 1129 378 1154 Oris
400 1132 487 1162 atque
512 1128 616 1153 mentis
639 1127 761 1153 salutem
783 1130 913 1161 petentes
935 1127 1002 1153 dum
1024 1126 1192 1153 necessaria
1215 1134 1291 1151 mors
1314 1126 1434 1160 iuquam
1450 1126 1500 1159 pia

185 1166 262 1193 cedit
284 1166 359 1192 hunc
380 1166 456 1192 furia
479 1165 606 1191 hostium
629 1166 707 1198 quia.

262 1202 287 1230 7.
309 1204 388 1239 Ergo
417 1205 550 1230 vinterne
580 1204 672 1231 iubilo
700 1204 769 1229 vino
797 1206 945 1238 praestent
975 1203 1004 1228 in
1031 1202 1179 1229 saeculnm
1208 1210 1245 1228 ne
1266 1210 1320 1228 nos
1342 1201 1379 1228 ad
1401 1201 1499 1228 lenum

183 1242 285 1269 locans
307 1242 410 1277 fugens
433 1251 532 1268 senum
555 1241 650 1268 salvet
672 1242 702 1268 in
723 1249 836 1268 aevum.

641 1395 700 1425 216.
743 1395 783 1425 De
805 1397 911 1425 sancto
935 1393 1034 1425 Erico.

706 1469 755 1496 Ad
783 1469 981 1504 vespm-212.

191 1564 221 1596 1.
248 1563 351 1595 Adest
379 1563 446 1593 dies
473 1562 623 1599 laetitiae,
872 1563 903 1593 4.
931 1561 1097 1592 Ministros
1124 1569 1179 1591 rex
1207 1560 1392 1600 magnificus

248 1610 362 1650 Fulget
388 1609 475 1641 Erici
501 1609 612 1649 gloria,
931 1608 1041 1639 Cultus
1068 1608 1128 1639 Dei
1154 1608 1345 1647 multiplicat

246 1658 315 1690 Rex
343 1661 372 1689 et
399 1663 552 1696 patronus
579 1657 709 1688 Sueeiae
932 1656 973 1688 Ut
1001 1655 1148 1687 Salomon
1174 1655 1326 1695 pacificus

249 1706 336 1739 Caeli
363 1705 443 1745 petit
470 1705 600 1744 palatia.
854 1735 856 1737 ,
933 1704 974 1735 Et
999 1704 1117 1743 templa
1143 1702 1340 1737 reaedificat.

188 1809 220 1840 2.
247 1807 344 1845 Quem
373 1809 557 1837 vernantem
578 1804 748 1836 virtutibus
875 1807 907 1836 5.
934 1803 1030 1835 Scuto
1056 1804 1194 1835 munitus
1221 1804 1296 1836 fidei

248 1854 405 1886 Sublimat
431 1857 558 1892 sceptro
584 1853 671 1892 regio
935 1852 1013 1883 Tela
1038 1851 1197 1891 repellens
1224 1852 1362 1883 hostium

247 1901 346 1934 Plebs
372 1901 457 1932 laeta
484 1909 552 1932 cum
579 1899 780 1940 principibus
931 1900 984 1931 Ad
1010 1908 1141 1940 regnum
1169 1900 1228 1931 Dei
1254 1900 1387 1940 provehi

246 1949 408 1982 Concordi
436 1948 606 1981 desiderio⁸
932 1947 1076 1979 Meretur
1102 1957 1159 1987 per
1185 1949 1386 1987 martyrium.

187 2053 218 2084 3.
246 2051 430 2083 Maceratur
455 2049 581 2080 ieiuniis
871 2050 903 2081 6.
931 2048 992 2079 Per
1017 2047 1109 2079 liuius
1135 2049 1238 2080 sancti
1264 2049 1388 2092 merita,

247 2099 378 2131 Sacrum
406 2097 508 2129 sancti
535 2097 770 2137 corpusculum,
930 2097 1014 2135 Iesu,
1041 2095 1226 2136 redemptor
1252 2097 1405 2138 omnium,

247 2147 443 2186 velaturque
470 2145 582 2176 ciliciis
931 2143 1065 2175 Dimitte
1093 2144 1184 2176 nobis
1211 2145 1321 2177 debita

246 2195 315 2226 Hoc
343 2194 462 2228 Christi
487 2192 739 2225 tabernaculum.
930 2192 973 2223 Et
1000 2192 1040 2223 da
1066 2201 1206 2232 perenne
1233 2194 1394 2233 gaudium.

263 2294 391 2329 Legend.
415 2303 467 2320 ms.
489 2294 643 2320 Laurentii
665 2293 777 2320 Odouis
799 2293 959 2328 Lincopen.
974 2300 1050 2319 saec.
1067 2291 1140 2319 ¹⁴¹15.
1156 2292 1225 2320 cod.
1242 2294 1383 2321 Dresden.
1399 2294 1425 2321 A
1442 2294 1504 2323 182.

185 2334 218 2360 A.
241 2349 277 2353 —
299 2336 364 2359 Ant.
392 2336 420 2360 et
448 2332 545 2367 hymn.
573 2341 627 2358 ms.
649 2332 791 2359 Sem-ense
818 2339 894 2358 saec.
924 2329 968 2358 14.
992 2328 1033 2366 [et
1055 2329 1112 2367 15].
1133 2332 1204 2360 cod.
1230 2333 1372 2367 upsalen.
1395 2333 1418 2360 C
1439 2332 1505 2361 422.

185 2372 217 2399 Β.
246 2387 282 2390 -
313 2373 395 2398 Brev.
428 2371 592 2406 Upsalense
627 2371 696 2406 imp.
725 2370 863 2397 Holmiae
893 2368 974 2397 1496.
1004 2370 1036 2397 C.
1066 2384 1103 2388 —
1132 2371 1216 2397 BreV.
1244 2373 1404 2399 Arosiense
1435 2374 1505 2409 imp.

185 2410 319 2438 Basileae
349 2409 429 2436 151³.
452 2410 487 2437 D.
510 2424 546 2428 —
568 2410 652 2436 Brev.
680 2408 837 2436 Lundense
865 2409 934 2444 imp.
956 2409 1070 2436 Par-isis
1095 2407 1176 2436 1:317.
1199 2409 1234 2436 Ε.
1256 2424 1291 2428 -
1314 2410 1380 2447 Vgl.
1405 2411 1505 2439 Klem-

185 2451 265 2485 ming
285 2449 308 2478 Ι,
330 2447 363 2476 91
391 2458 417 2475 ιι.
439 2448 457 2474 f.
