1653 2656
726 140 989 176 —309—

550 289 620 320 520.
661 290 704 321 De
725 299 750 321 s.
772 290 939 322 Willielmo
959 291 1159 322 Bituricensi.

661 379 710 407 Ad
736 379 1049 416 completorium.

188 483 220 518 1.
248 483 363 516 Enixa
389 486 434 516 est
452 494 619 525 puerpera
887 487 918 520 3.
945 486 1075 518 Gaudet
1102 487 1216 519 chorus
1242 488 1439 530 caelestium,

251 534 433 572 supernum
459 542 568 573 regem
593 534 727 574 gloriae,
946 534 1029 566 Nam
1057 535 1096 566 de
1122 536 1198 567 sede
1225 537 1369 568 Biturica

248 581 309 618 Qui
335 581 552 622 praemiorum
580 591 713 614 munera
944 582 1154 615 Transfertur
1180 584 1231 614 hic
1257 584 1288 615 in
1316 585 1467 623 gaudium

247 628 426 660 Guillermo
454 629 545 661 dedit
570 630 677 662 hodie.
944 631 1045 662 Stella
1070 641 1233 672 magorum
1259 633 1376 665 indice.

190 736 222 767 2.
250 734 366 767 Foeno
392 735 501 767 iacens
527 736 710 768 humanitus
887 738 920 771 4.
947 737 1121 779 Memento,
1149 739 1277 778 praesul
1305 740 1424 779 inclite,

250 784 342 815 Vana
368 793 512 823 quaeque
538 789 612 815 sunt
638 785 739 815 mutui
948 786 1008 824 Qui
1034 792 1143 817 noster
1167 794 1278 826 pastor
1305 787 1434 824 diceris,

250 831 382 872 Sprevit
409 832 606 864 Guillermus
633 833 760 873 penitus
951 834 1042 873 Quod
1070 840 1179 875 spreto
1205 835 1315 866 mundi
1342 837 1470 867 tramite

247 880 383 913 Carnem
410 880 552 911 subdens
579 881 719 920 spiritui.
948 882 1099 913 Monachi
1126 881 1260 915 formam
1288 885 1474 924 sumpseris.

559 989 601 1020 5.‘
618 986 736 1019 Gloria
762 987 829 1029 tibi,
858 987 1011 1030 Domine,

614 1035 784 1067 Guillermi
811 1035 886 1067 data
913 1036 1063 1067 laudibus

614 1083 780 1115 Praesenti
808 1083 903 1114 detur
926 1084 1051 1123 agmine

613 1131 727 1162 Cordis
755 1131 838 1162 votis
865 1136 896 1162 et
924 1132 1064 1163 vocibus.

257 1247 341 1273 Brev.
375 1254 429 1272 ms.
464 1245 638 1272 cistercien.
670 1245 777 1273 Gallie.
808 1254 885 1273 saec.
920 1246 963 1273 13.
993 1247 1063 1273 Cod.
1086 1248 1263 1282 Aaraugien.
1288 1248 1325 1273 w
1348 1247 1373 1274 7.
1396 1262 1432 1267 —
1456 1250 1514 1276 Cfr.

179 1286 304 1313 Roman.
326 1284 446 1312 Forsch.
469 1284 520 1316 IV,
542 1282 607 1311 489.

541 1475 602 1506 521.
647 1475 687 1505 De
709 1483 733 1505 s.
757 1473 925 1505 wilhelmo
948 1474 1150 1506 Bituricensi.

714 1566 766 1592 Ad
794 1566 972 1592 Tertiam.

179 1676 208 1709 1.
237 1675 269 1707 A
294 1675 371 1707 solis
399 1677 488 1707 ortus
515 1674 650 1707 cardine
877 1675 903 1707 3.
938 1673 1057 1706 Castae
1083 1675 1200 1706 mentis
1226 1676 1267 1708 ab
1293 1675 1406 1707 intimo

236 1723 394 1757 Caelestis
421 1723 497 1755 aula
522 1726 649 1755 resonet
937 1722 1053 1754 Curam
1081 1732 1196 1764 gerens
1223 1724 1263 1755 de
1289 1723 1414 1762 ovibus,

238 1772 330 1804 Novo
354 1776 530 1812 cantusque
557 1771 698 1803 carmine
937 1771 1019 1803 Vota
1046 1771 1154 1803 reddit
1181 1772 1338 1804 altissimo

237 1821 417 1854 Guillermo
442 1820 557 1852 laudes
583 1821 717 1852 intonet.
935 1820 1070 1852 Iunctus
1097 1820 1165 1851 eius
1191 1821 1404 1861 amplexibus.

173 1931 205 1964 2.
232 1928 359 1961 Beatus
384 1928 447 1959 iste
472 1927 596 1959 meritis
872 1930 903 1960 4.
933 1927 1063 1959 Domus
1084 1927 1202 1966 pudici
1223 1927 1376 1970 pectori-s,

234 1978 349 2010 Victor
371 1976 456 2009 redit
484 1976 526 2008 ad
554 1976 711 2015 bravium,
934 1975 1052 2007 Sancto
1080 1976 1205 2015 repleta
1231 1975 1371 2016 flamine,

232 2026 350 2059 Mundi
374 2025 468 2057 victis
495 2025 619 2057 illicitis
932 2024 1049 2056 Fundo
1075 2023 1186 2064 figitur
1212 2025 1392 2063 marmoris,

231 2075 335 2116 Regni
361 2078 548 2115 sumpturus
577 2074 734 2106 bravium.
932 2073 982 2104 Ne
1008 2073 1157 2104 laedatur
1183 2082 1202 2104 a
1228 2073 1367 2106 turbine.

513 2184 545 2215 5.
573 2180 691 2214 Gloria
719 2180 787 2222 tibi,
816 2180 970 2218 Domine,

579 2230 731 2263 Primatis
757 2229 851 2261 huius
878 2229 994 2260 merito

577 2279 701 2311 Laudis
729 2278 825 2309 detur
852 2286 923 2310 cum
953 2277 1095 2308 carmine

575 2327 700 2359 Mentis
728 2326 845 2358 affectu
873 2326 994 2359 debito.

244 2436 332 2462 Brev.
361 2443 415 2462 ms.
443 2434 617 2462 cistercien.
647 2432 754 2460 Gallie.
783 2440 859 2459 saec.
892 2429 935 2459 13.
966 2432 1038 2459 Cod.
1060 2432 1240 2465 Aaraugien.
1264 2433 1310 2458 w.
1334 2430 1359 2459 7.
1382 2447 1419 2452 —
1442 2432 1508 2469 Vgl.

166 2476 290 2503 Roman.
314 2473 527 2509 Forschungen
548 2473 601 2506 IV,
621 2470 679 2500 489
701 2481 744 2508 sq.
