1653 2656
685 115 926 151 -89—

577 239 640 271 146.
680 239 723 270 De
745 240 858 270 sancta
878 237 1034 269 Barbara.
1051 215 1056 220 ι

685 309 735 336 Ad
763 308 920 336 Laudes.

142 391 174 425 1,
201 389 227 422 Ο
254 387 392 428 Christe,
421 397 539 428 sponse
569 388 729 428 virginum
839 387 870 419 3.
898 386 998 425 Quam
1026 395 1089 417 non
1115 387 1252 424 paterna
1277 382 1392 424 iurgia,

201 438 246 471 Et
270 439 448 476 martyrum
475 436 704 476 pulcherrime,
898 434 970 465 Non
997 433 1157 473 praesidis
1184 431 1337 464 ferocitas

199 484 371 518 Mirabiles
397 485 551 516 victorias
899 482 968 514 Nec
994 491 1078 513 mors
1104 485 1236 512 cruenta
1263 479 1401 519 denique

200 534 290 567 Audi
315 532 431 565 beatae
457 532 634 566 Barbarae.
898 531 1035 570 Quivere
1063 528 1178 561 fortem
1206 529 1345 561 vincere.

143 633 174 667 2.
201 632 320 664 Amore
349 629 439 661 cuius
465 629 578 660 intimo
839 629 872 659 4.
902 626 1056 658 Perennis
1082 625 1169 656 unde
1195 625 1265 656 laus
1292 624 1351 654 tibi

203 678 335 720 Sprevit
358 677 524 709 maritales
551 677 673 715 thoros,
901 675 960 715 Sit,
988 674 1127 714 Christe,
1154 673 1207 712 qui
1234 673 1291 703 das
1317 672 1444 703 laureas

200 729 246 762 Ut
271 735 306 758 se
332 725 404 765 tibi,
432 734 551 765 sponso
577 734 645 758 suo.
901 723 1010 754 Servis
1037 722 1249 760 triumphales
1277 721 1340 751 tuis

201 776 318 810 Fidam
342 773 496 816 probaret
527 773 694 813 virginem.
902 771 946 803 Et
971 780 1093 802 summa
1121 770 1247 801 demum
1274 768 1429 808 praemia.

220 873 306 899 Brev.
328 870 515 897 Bituricense
537 869 607 903 imp.
629 867 797 895 Lemovieis
823 864 904 893 1522.
928 879 963 883 —
987 864 1015 896 13⁸,
1036 863 1054 891 4
1075 866 1180 898 Quere.

588 1028 648 1060 147.
691 1028 732 1058 De
756 1029 865 1058 sancta
888 1025 1041 1056 Barbara.

656 1101 697 1126 In
726 1098 750 1125 1.
777 1099 965 1133 Vesperis.

148 1186 179 1219 1.
206 1183 353 1221 Exsulta,
381 1181 473 1222 plebs
500 1180 669 1220 catholica,
844 1179 875 1210 3.
904 1177 1000 1208 Flore
1028 1176 1132 1206 nitens
1160 1176 1317 1213 perpetuo

208 1232 326 1265 Sacrae
353 1230 518 1263 Barbarae
546 1227 708 1267 laudibus,
903 1225 1018 1257 Castae
1043 1221 1254 1255 excellentiae

207 1280 288 1313 Nam
317 1280 384 1311 eius
410 1279 478 1310 vita
504 1277 625 1308 caelica
904 1274 1008 1313 Digne
1037 1272 1119 1303 dono
1145 1270 1319 1310 praecipuo

207 1328 362 1368 Supernis
387 1327 483 1358 micat
510 1325 637 1366 opibus.
904 1321 1008 1353 Fulsit
1036 1321 1121 1351 altae
1147 1318 1296 1358 peritiae.

148 1428 180 1461 2.
208 1426 299 1458 Haec
325 1424 365 1456 ab
392 1422 613 1456 adulescentia
848 1421 879 1451 4.
908 1417 1063 1449 Veritatis
1092 1415 1269 1447 catholicae

208 1472 461 1506 Christianitatis
486 1471 632 1502 ordinem
908 1467 1007 1498 Recte
1033 1465 1182 1496 Tusciam
1209 1463 1323 1502 irrigat

208 1524 358 1563 Ingressa
388 1522 468 1553 duce
495 1519 599 1560 gratia
908 1514 1071 1553 Simulque
1099 1511 1210 1543 deifice

208 1571 339 1611 Sprevit
364 1569 475 1601 mundi
504 1567 718 1599 dulcedinem.
907 1563 1042 1594 Sensum
1069 1571 1140 1592 cum
1167 1560 1231 1592 fide
1258 1558 1400 1597 colligat.

497 1668 529 1698 5.
557 1664 606 1696 Sit
628 1663 698 1695 laus
725 1662 811 1702 patri
838 1669 876 1692 ac
903 1659 1010 1700 genito

558 1713 747 1751 Pariterque
773 1719 811 1742 ac
837 1708 968 1744 flamini,

561 1761 621 1800 Qui
647 1760 740 1791 huius
767 1762 897 1791 sanctae
924 1756 1039 1788 merito

556 1809 624 1841 Nos
651 1817 773 1840 summo
799 1807 910 1846 iungat
935 1804 1065 1845 agmini.

226 1911 312 1938 Brev.
334 1908 546 1936 Lemovicense
568 1907 638 1941 imp.
660 1904 831 1932 Lemovicis
855 1900 938 1929 1495.
961 1902 994 1927 Α.
1019 1914 1054 1917 ——
1079 1899 1162 1925 Brev.
1178 1896 1391 1924 Ebredunense
1414 1896 1486 1929 imp.

150 1949 289 1985 Lugduni
311 1946 394 1976 1520.
416 1947 450 1974 B.
472 1960 509 1965 —
534 1944 565 1978 1,
591 1942 609 1971 4
631 1947 725 1970 mutat
746 1944 778 1970 B.
801 1956 838 1960 -
861 1939 891 1971 2,
914 1939 932 1967 ‘2
954 1939 1066 1967 Christi
1089 1939 1127 1964 tie
1149 1937 1281 1963 ordinem
1304 1935 1336 1961 B.
1359 1948 1396 1952 --
1414 1931 1444 1960 3.
1470 1931 1486 1959 2

151 1989 225 2017 fehlt
250 1989 316 2016 eine
338 1987 430 2015 Silbe.
453 2001 486 2005 —
507 1983 540 2017 4,
568 1982 585 2010 ‘2
607 1984 697 2010 Recte
724 1982 871 2009 iustitiam
893 1980 997 2015 irrigat
1020 1979 1052 2004 B.
1076 1991 1111 1994 —
1134 1975 1166 2005 5,
1193 1974 1211 2002 4
1235 1983 1348 2000 summo
1371 1974 1485 2007 iungat.

594 2146 656 2177 148.
700 2145 741 2176 De
764 2145 875 2174 sancta
899 2141 1049 2172 Barbara.

689 2218 730 2244 In
758 2214 962 2243 Laudibus.

157 2303 188 2336 1.
215 2302 346 2334 Aurora
370 2299 452 2332 lucis
478 2297 615 2330 rutilans
851 2294 883 2325 2.
910 2291 994 2323 Dum
1022 2288 1118 2320 fidem
1146 2286 1270 2318 firmam
1297 2285 1402 2324 aperit

215 2349 430 2391 Splendorem
458 2345 566 2379 defert
591 2353 729 2384 roseum,
914 2339 1062 2372 Caeleste
1089 2336 1178 2368 sidus
1203 2334 1314 2372 oculis,

216 2399 401 2438 Nosterque
428 2396 544 2428 chorus
570 2393 710 2426 iubilans
913 2388 1010 2420 Suam
1038 2394 1209 2426 personam
1234 2383 1353 2424 ingerit

216 2447 382 2480 Barbarae
407 2453 528 2486 corpus
554 2443 710 2475 laureum.
913 2437 1030 2469 Datam
1059 2443 1117 2475 pro
1145 2433 1215 2464 luce
1241 2431 1373 2464 saeculi.
