1653 2656
705 127 940 162 -115-

623 248 682 280 196.
718 249 761 281 De
783 252 891 282 sancto
914 250 1026 282 David.

686 310 736 338 Ad
761 311 788 337 V
795 320 809 338 e
818 320 831 338 s
840 321 858 347 p
867 321 882 339 e
889 320 902 338 r
911 320 928 338 a
937 321 959 338 s.

161 383 192 414 1.
218 382 342 426 Gaude,
372 385 489 418 devota
515 386 639 427 Suecia‚
854 392 884 423 3.
913 391 1007 423 Hunc
1034 391 1151 430 Angli-a
1176 392 1345 431 progenuit

221 430 392 464 Reducens
417 434 460 466 ad
486 437 671 468 memoriam
914 438 1020 470 Claris
1047 443 1150 470 ortum
1181 440 1378 480 parentibus,

222 479 300 512 Cum
327 481 410 512 omni
441 482 609 524 diligentia
913 487 972 526 Qui
1001 488 1168 518 veritatem
1197 488 1303 520 docuit

218 527 325 560 David
352 528 523 562 fecundam
550 532 697 572 gratiam.
916 534 1033 566 Suecos
1061 535 1166 576 dignis
1192 536 1375 570 virtutibus.

159 616 191 647 2.
218 614 359 655 Tempus
385 616 625 650 adulescentiae
854 623 886 653 4.
914 621 1056 652 Felicem
1082 623 1115 653 in
1142 622 1349 663 Snewryngia

218 663 314 696 Clara
341 663 462 696 ducens
488 665 546 697 sub
573 667 682 699 indole
913 669 1115 701 Concludens
1143 671 1227 702 vitae
1253 672 1434 711 terminum,

217 710 382 753 Supernae
408 714 587 752 sapientiae
914 718 1059 749 Adduxit
1086 719 1186 750 multa
1212 720 1299 751 milia

215 760 353 792 Fontem
380 760 463 792 bibit
489 762 655 795 benevole.
912 766 1118 798 Creslentium
1145 768 1177 798 in
1204 768 1386 801 Dominum.

514 852 546 882 5.
574 849 687 881 Gloria
714 851 755 882 sit
781 851 923 891 ingenito

573 898 685 929 Honor
711 902 742 929 et
768 899 943 940 unigenito,

575 946 686 977 Virtus
712 956 835 978 summa
861 948 1019 987 paraclito

575 994 637 1025 Pro
664 995 745 1026 tanti
770 996 874 1035 patris
902 996 1026 1028 merito.

229 1077 315 1104 Brev.
337 1077 496 1105 Arosiense
518 1079 589 1114 imp.
612 1079 748 1106 Basileae
774 1078 856 1107 1513.
879 1097 910 1100 —
938 1081 1003 1117 Vgl.
1026 1081 1195 1117 Klelnming
1218 1083 1240 1113 Ι,
1265 1082 1299 1109 75
1323 1093 1350 1110 u.
1372 1084 1390 1110 f.

613 1201 672 1232 197.
710 1201 753 1232 De
775 1204 884 1233 sancto
906 1202 1015 1233 David.

659 1263 709 1289 Ad
737 1264 974 1290 Nocturnum.

153 1339 186 1372 1.
212 1338 318 1370 Tener
342 1339 421 1379 ligni
449 1341 642 1372 vermiculus
848 1345 879 1375 4.
909 1343 993 1382 Opes
1019 1347 1052 1374 ut
1080 1345 1191 1383 spinae
1219 1346 1376 1385 sauciant,

212 1387 331 1419 Nativo
357 1396 489 1419 manens
516 1389 648 1428 oppido,
908 1391 1045 1431 Negotia
1072 1401 1127 1423 cor
1154 1393 1275 1424 laniant

214 1435 294 1466 Tres
318 1435 426 1468 hostes
453 1437 567 1469 stravit
595 1439 748 1478 parvulus
907 1439 975 1470 Nec
1001 1441 1168 1480 patiuntur
1194 1442 1306 1482 libere,

211 1484 357 1524 Impulsu
383 1485 498 1516 mentis
525 1486 650 1525 rapido.
907 1488 993 1526 Quae
1026 1498 1151 1520 sursum
1178 1494 1262 1529 sunt,
1299 1491 1485 1530 exquirere.

153 1572 183 1604 2.
210 1570 362 1611 Delicias,
391 1571 522 1604 divitias
847 1577 877 1607 5.
905 1575 959 1606 Ad
985 1574 1081 1607 fidem
1108 1576 1200 1608 nobis
1226 1577 1377 1617 praevius

210 1619 251 1651 Et
279 1619 380 1651 hostis
407 1624 494 1652 artes
520 1622 626 1653 varias
906 1623 955 1655 Sis
982 1623 1013 1655 in
1040 1625 1141 1656 tutela
1169 1626 1284 1666 socius,

208 1667 350 1708 Ieiuniis,
378 1668 495 1700 inediis
906 1673 950 1705 Ut
977 1672 1060 1704 salvi
1088 1672 1209 1705 Christi
1236 1674 1341 1714 gratia

210 1716 294 1748 Vicit
319 1721 349 1748 et
382 1726 514 1757 precum
542 1718 684 1758 proeliis,
906 1721 1050 1752 Vitemus
1077 1721 1156 1753 haec
1183 1724 1342 1763 contagia.

153 1804 185 1836 3.
213 1803 422 1845 Congaudeat
447 1805 584 1838 ecclesia
847 1810 878 1842 6.
908 1808 1055 1840 Praestet
1081 1813 1176 1849 pater
1203 1810 1363 1850 ingenitus

210 1852 392 1885 Recensens
419 1854 579 1893 tirocinia,
909 1857 950 1888 Et
976 1867 1051 1889 suus
1078 1859 1272 1899 unigenitus,

211 1900 294 1933 Nam
320 1902 418 1934 armis
446 1906 548 1935 certat
575 1904 687 1945 niveis,
906 1905 1081 1938 Confirmet.
1107 1907 1167 1938 hoc
1193 1908 1384 1948 paraclitus,

212 1949 326 1983 Clarus
351 1950 384 1983 in
412 1951 533 1985 Christi
561 1953 680 1985 cuneis.
905 1955 969 1986 Par
994 1955 1161 1995 utriusque
1188 1956 1331 1996 spiritus.

227 2036 312 2064 Brev.
334 2037 495 2065 Arosiense
517 2039 586 2074 imp.
610 2039 745 2067 Basileae
771 2038 853 2067 1513.
875 2054 911 2058 —
933 2041 1001 2076 Vgl.
1024 2041 1196 2078 Klemming
1220 2043 1243 2074 Ι,
1266 2041 1301 2069 Τ9
1327 2052 1353 2070 u.
1376 2043 1394 2070 f.

610 2163 671 2194 198.
707 2163 749 2195 De
770 2166 878 2195 saneto
905 2164 1015 2195 David.

690 2224 743 2252 Ad
770 2225 930 2252 Laudes¹

151 2300 182 2333 1.
209 2299 361 2332 Exsultat
387 2301 510 2334 caelum
537 2302 688 2335 laudibus
846 2306 877 2338 2.
907 2305 968 2336 Hic
993 2305 1142 2347 simplex,
1170 2308 1287 2339 rectus,
1316 2305 1445 2339 humilis

211 2348 356 2382 Resultet
382 2353 415 2382 et
441 2350 571 2383 devotio
906 2354 949 2386 Et
975 2358 1100 2394 martyr
1127 2353 1302 2393 desiderio,

209 2397 388 2430 Suenorum
414 2399 509 2442 votis,
537 2399 668 2432 vocibus
906 2402 1064 2434 Doctrina
1090 2402 1319 2442 praeamabilis

209 2446 274 2480 Pro
299 2447 381 2480 tanti
407 2447 511 2489 patris
537 2449 665 2489 gaudio.
907 2451 1092 2491 Carensque
1118 2451 1223 2483 carnis
1251 2451 1341 2486 vitio.

1261 2507 1303 2537 S*
