1653 2656
710 135 968 170 —226—

189 242 220 274 3.
247 240 368 272 Lumen
393 236 510 276 legenti
535 234 690 275 fulgidum
869 234 901 264 5.
928 232 954 264 O
981 231 1073 262 beate
1097 228 1313 270 Magnobode,

250 287 300 319 Ab
327 285 458 317 aemulis
483 283 689 323 extinguitur,
928 279 974 311 Te
999 278 1218 318 supplicantes
1244 281 1388 317 protege,

249 335 311 366 Sed
338 332 476 373 spiritali
501 331 628 370 lumine,
928 327 973 360 Ut
998 336 1080 358 vana.
1104 325 1215 357 muudi
1242 328 1394 365 respuant

246 383 334 422 Quod
362 384 501 420 ceperat,
529 378 739 410 concluditur.
927 375 969 407 Et
996 379 1085 406 recta
1109 382 1236 414 semper
1261 376 1430 412 appetant.

188 486 220 516 4.
248 484 416 521 Exsangue
442 489 555 520 corpus
582 479 717 518 parvuli.
871 479 903 509 6.
931 475 975 508 Ut
1002 484 1071 506 cum
1099 475 1168 506 dies
1193 473 1361 505 advenerit

249 531 371 562 Tritum
397 530 503 559 iacens
529 528 562 560 in
589 527 706 566 platea,
931 523 1060 555 Cunctis
1085 525 1207 554 statuta
1232 521 1372 561 populis,

246 579 400 610 Preeaute
426 582 535 607 sancto
561 574 708 614 praesule
931 572 1066 604 Carnem
1093 573 1231 602 resumat
1257 569 1390 608 spiritus

247 626 344 656 Vivus
371 623 524 655 reformat
548 623 691 662 spirituS.
931 619 1024 652 Omni
1050 619 1172 650 solutus
1198 617 1341 649 crimine.

545 724 574 754 7.
602 723 728 753 Summo
755 721 823 752 Deo
849 720 891 751 sit
916 719 1029 759 gloria,

608 770 668 808 Qui
694 778 751 800 nos
778 768 892 799 mereri
918 767 1033 808 gaudia

610 818 671 849 Det
697 817 727 847 in
756 816 901 855 supernis
927 814 1073 857 sedibus,

612 866 646 896 In
673 865 867 904 sempiterna
891 863 1027 895 saecula.

265 968 348 994 Brev.
371 966 579 1001 Andegavense
600 965 669 999 imp.
690 964 814 990 Parisiis
838 961 919 988 1551.

521 1143 583 1173 377.
627 1143 667 1172 De
689 1150 712 1171 s.
734 1140 915 1171 Marcellino
937 1139 1163 1170 Ebreclunensi.

689 1221 729 1246 Iu
758 1219 781 1245 l.
809 1220 998 1254 vesperis.

422 1316 451 1346 1.
479 1314 580 1345 Natus
604 1314 635 1343 in
663 1312 791 1343 summis
817 1310 1024 1342 Marcellinus
1049 1310 1114 1340 oris

479 1361 608 1392 Africae
633 1360 791 1400 quondam
817 1358 963 1398 pervenit
988 1358 1028 1388 ad
1054 1358 1166 1396 Alpes.

483 1409 545 1441 Ubi
572 1407 715 1439 sublimis
741 1407 816 1438 urbs
843 1414 925 1437 nunc
950 1405 1157 1436 Ebredunum

591 1455 725 1487 Condita
752 1455 843 1486 iacet.

427 1559 458 1589 2.
486 1557 567 1587 Huic
594 1564 662 1585 cum
690 1555 846 1586 Domnino
873 1553 1056 1584 Vincentius
1080 1553 1206 1583 iunctus

484 1605 647 1643 Fugarunt
674 1603 761 1632 illinc
787 1602 973 1632 daemonum
999 1601 1167 1640 culturam,

483 1651 567 1683 Orbe
593 1651 645 1690 qui
672 1654 738 1680 toto
762 1649 911 1680 tenebant
939 1649 1080 1688 captivas

592 1698 758 1728 Hominum
785 1701 915 1730 mentes,

423 1801 455 1832 3.
481 1799 523 1830 Hi
550 1798 701 1837 templum
725 1797 796 1828 urbi
823 1798 958 1836 primum
984 1797 1209 1839 condiderunt,

483 1848 572 1885 Quod
602 1845 811 1877 vercellensis
838 1845 993 1876 Eusebius
1019 1844 1147 1884 praesul

480 1895 524 1926 Et
551 1894 735 1925 Valentinus
761 1897 870 1932 pastor
896 1892 1082 1924 Aemilanus

589 1943 873 1974 Consecraverunt.

426 2046 457 2076 4.
486 2045 548 2076 Per
572 2043 629 2074 lios
654 2042 786 2073 antistes
813 2041 934 2080 primus
959 2040 1126 2072 Ebrednni

485 2091 587 2122 Datus
613 2094 672 2129 est,
699 2089 842 2128 quamvis
868 2089 1007 2119 renitens
1033 2089 1170 2129 omnino,

481 2139 544 2171 Sed
571 2138 641 2178 pius
669 2141 777 2168 nostro
804 2137 971 2168 consulens
996 2137 1098 2168 errori

591 2185 772 2218 Praesulem
799 2185 907 2225 gessit.

425 2288 455 2321 5.
484 2288 567 2320 Hinc
592 2287 695 2319 Deum
721 2295 875 2317 summum
901 2285 1073 2325 rogitemus
1099 2295 1218 2327 omnes,

482 2337 527 2369 Ut
552 2335 734 2367 Marcellini
759 2333 908 2374 precibus
935 2333 1061 2365 adiutos

484 2385 632 2416 Praestet
657 2391 714 2414 nos
739 2382 869 2414 tandem
894 2382 1010 2422 gaudia
1035 2383 1165 2423 superni

594 2431 705 2463 Visere
731 2431 821 2462 caeli.
