1653 2656
684 159 730 164 -
779 139 846 174 312
896 159 944 164 -

424 238 455 269 5.
483 235 594 267 Contio
619 240 687 268 tota
711 236 792 268 mira
819 241 909 276 gesta
935 241 1037 276 canat,

481 283 568 322 Quae
593 282 669 315 fecit
695 288 823 316 sanctus
849 285 920 324 pius
946 289 976 316 et
1003 283 1178 326 confessor,

482 331 687 369 Anachorita,
715 332 764 363 vir
790 332 945 369 Israelita,

558 379 689 411 Florida
715 379 830 419 palma.

421 480 451 510 6.
480 478 613 517 Quidam
641 479 714 510 dum
741 478 874 511 fractum
901 479 1063 511 brachium
1091 480 1234 519 haberet,

478 526 618 565 Aliquod
644 536 723 566 opus
750 526 855 558 facere
882 529 1038 567 nequiret.

478 574 592 605 Sanum
621 573 785 606 confessor
811 575 930 607 Christi
959 576 1135 608 Guilelmus

552 622 706 654 Reddidit
732 623 823 654 illud.

420 724 449 755 7.
476 724 580 754 Antra
607 724 680 754 dum
707 725 821 755 montis
848 724 965 756 coleret
994 726 1121 762 Laconi,

478 771 593 802 videre
620 771 779 804 Christum
806 773 921 803 meruit
947 772 1067 811 beatus,

476 818 586 858 Ibique
611 819 695 850 iussa
721 819 781 851 sibi
808 820 853 850 sic
880 820 1025 860 implevit

552 867 688 897 Prorsus
714 867 753 898 ab
780 867 846 900 illo.

416 968 445 998 8.
474 966 578 1005 Ipsius
602 967 694 998 iussis
719 968 871 1007 templum
897 978 1049 1008 praesens
1075 971 1203 1007 struxit,

474 1014 521 1044 De
547 1014 714 1045 salvatoris
740 1016 864 1046 nomine
891 1022 1048 1056 vocatum,

477 1062 637 1101 Virginum
663 1068 775 1101 sponte
802 1063 855 1094 ubi
888 1065 1055 1103 copulatur

550 1110 668 1141 Turma
694 1116 828 1142 sacrata.

415 1209 444 1239 9.
473 1208 519 1239 Sit
547 1209 681 1240 trinitati
709 1210 804 1241 decus
832 1216 861 1241 et
888 1216 1039 1250 potestas.

473 1256 582 1287 Honor
608 1262 637 1287 et
664 1258 763 1288 virtus
789 1259 927 1290 manenti
953 1259 1045 1291 beata

475 1303 537 1334 Per
563 1304 687 1335 infinita
713 1305 781 1336 laus
808 1307 847 1336 sit
875 1308 1070 1339 saeculorum

549 1352 692 1383 Saecula.
743 1355 854 1387 Amen.

226 1452 294 1478 (jod,
331 1453 516 1481 Alexandrin.
552 1454 596 1481 93.
630 1457 695 1486 (ΙΙΙἸ
729 1466 803 1484 saec.
842 1457 882 1485 17.
923 1474 948 1477 -
982 1461 1011 1487 3.
1043 1460 1061 1488 *3
1086 1462 1199 1489 fluctus.
1223 1478 1259 1481 —
1281 1461 1306 1495 S,
1328 1463 1347 1491 4
1372 1465 1462 1501 Virgo

153 1495 276 1517 sacrata.

506 1623 573 1654 524.
615 1625 654 1656 De
676 1635 699 1656 s.
720 1627 884 1658 wilhelmo
908 1629 1110 1661 Verceuensi.

681 1706 729 1731 Ad
758 1707 910 1734 Laudes.

413 1799 442 1830 1.
470 1799 538 1830 Hac
565 1799 646 1831 festa
674 1802 724 1832 die
750 1805 851 1834 sancti
878 1805 1069 1838 confessoris

468 1847 554 1878 Deus
580 1848 740 1891 laudetur,
768 1852 856 1882 cuius
882 1853 913 1884 in
940 1861 1112 1894 conspectu

468 1895 639 1927 Exsultant
664 1897 739 1928 iusti
765 1899 941 1940 iugiterque
968 1908 1081 1935 canunt

544 1943 675 1976 Cantica
702 1946 841 1978 laudum.

407 2043 438 2075 2.
467 2043 504 2074 In
530 2053 592 2083 quo
618 2045 757 2077 laetatur
783 2052 912 2079 sanctus
939 2049 1126 2090 Guliehnus,

467 2091 579 2123 Clarus
605 2092 779 2136 confessor,
806 2096 859 2135 qui
885 2105 943 2135 per
969 2108 1081 2131 nomen
1106 2101 1173 2133 eius

466 2138 580 2171 Ursum
607 2141 788 2173 turbantem
815 2152 909 2183 saepe
936 2146 995 2176 sibi
1023 2145 1143 2180 fontem

545 2187 628 2219 Voce
656 2188 788 2228 fugavit,

409 2289 438 2319 3.
467 2290 590 2328 Aquam
619 2291 773 2322 convertit
801 2293 922 2332 pariter
949 2294 980 2326 in
1010 2296 1125 2335 vinum,

465 2337 542 2368 Eius
567 2337 608 2368 ad
636 2347 742 2370 vocem
771 2340 905 2372 daemon
931 2347 961 2373 et
988 2342 1124 2385 fugatur.

467 2385 504 2415 Et
533 2390 598 2416 tres
624 2387 747 2418 curavit
771 2388 900 2421 clinicos
926 2391 1059 2431 insignis

540 2433 613 2472 lpse
639 2438 796 2474 potenter,
