1653 2656
803 89 845 94 —
897 74 943 106 72
991 90 1040 97 —
1171 75 1450 122 '⁷⁸:5³³‘

263 158 294 191 5.
321 157 456 192 Creator
480 162 577 195 saecli
604 164 732 205 optime,
947 169 980 203 6.
1007 169 1138 205 Summa
1162 178 1302 212 concede
1331 181 1444 226 deitas,

322 206 442 240 Horum
468 211 616 249 precibus
640 213 754 256 adnue,
1006 218 1129 252 Horum
1155 228 1192 256 ut
1215 223 1289 258 fulti
1312 231 1436 266 meritis

322 255 405 287 Iram
432 267 542 290 amove
569 259 720 302 debitam,
1005 267 1079 300 Tibi
1106 278 1256 305 canamus
1281 275 1416 315 gloriam

320 302 452 337 Gratam
478 307 583 339 tribue
607 310 752 350 gratiam.
1004 316 1068 348 Per
1093 323 1208 352 cuncta
1233 329 1363 363 semper
1387 328 1528 363 saecula.

337 390 421 417 Brev.
447 401 499 419 ms.
528 394 674 422 Romarici
700 396 810 425 Montis
836 407 911 427 saec.
941 399 984 428 16.
1014 402 1083 430 Cod.
1111 404 1276 440 Spinalien.
1308 407 1362 437 164
1389 409 1456 446 (77).
1483 413 1518 442 A.
1538 429 1577 435 —

259 427 393 461 Hymnar
422 439 473 456 ms.
506 432 654 460 Romarici
680 435 790 463 Montis
817 446 893 464 saec.
924 437 967 466 15.
995 441 1066 469 Cod.
1096 441 1260 479 Spinalien.
1294 446 1348 474 194
1375 447 1446 485 (86).
1478 452 1511 479 Β.
1538 468 1575 474 -

258 463 286 497 2,
311 464 329 493 3
356 477 437 503 reges
463 470 496 496 A.
518 486 554 490 -—
575 471 600 504 3,
623 471 640 499 3
668 473 818 502 Laxemnt
838 477 872 503 A.
893 492 931 496 —
951 477 979 512 4,
999 478 1018 507 4
1043 481 1089 508 Ibi
1110 485 1370 520 peregrinantibus
1392 489 1426 516 B.
1449 505 1472 509 -
1506 489 1532 526 6,
1555 491 1575 521 2

446 620 499 651 113.
542 622 575 652 In
597 625 807 658 translatione
829 636 870 659 ss.
893 630 1008 669 Amati,
1029 632 1196 673 Bolum-ici,
1219 636 1364 678 Adelphi.

779 698 830 724 Ad
857 699 1030 728 Tertiam.

249 769 278 800 1.
306 769 454 804 Oratione
480 775 591 807 sedula
935 784 966 818 2.
994 785 1118 818 Pietate
1143 790 1328 830 praecipua,

307 818 433 851 Abiecit
461 830 555 862 saepe
582 824 761 866 daemones,
993 833 1183 868 Humilitate
1208 839 1358 883 maxima,

309 865 434 898 Virtute
459 868 556 902 fultus
583 872 719 910 Domini,
991 880 1043 912 Sic
1070 884 1173 916 celsus
1195 886 1280 918 inter
1307 888 1450 923 homines

311 912 434 946 Sanctis
461 924 590 950 ornatus
617 921 766 956 moribus.
988 928 1102 962 Beavit
1128 937 1236 972 partes
1263 938 1372 972 eremi.

641 1008 671 1039 3.
701 1009 746 1040 Te
772 1015 958 1050 peccatores
984 1024 1184 1058 quaesumus,

698 1056 769 1088 Iesu
796 1058 888 1097 bone.
915 1061 1068 1101 piissime,

700 1103 799 1136 Nobis
827 1107 943 1147 largita
968 1112 1060 1143 venia

698 1151 749 1182 llli
776 1157 808 1184 ut
836 1155 938 1187 addas
964 1161 1116 1197 praemia.

320 1227 404 1254 Brev.
428 1238 477 1255 ins.
501 1231 646 1260 Romarici
668 1236 776 1263 Montis
798 1247 873 1266 saec.
898 1238 940 1269 16.
963 1243 1032 1272 Cod.
1054 1245 1217 1281 Spinalien.
1242 1251 1295 1279 164
1315 1252 1380 1288 (77).

684 1385 739 1416 114.
781 1388 821 1420 De
842 1393 948 1423 sancto
969 1394 1087 1427 Amata.

751 1458 804 1484 Ad
831 1459 1021 1497 Vesperas.

236 1526 266 1558 1.
296 1528 465 1562 Praeclara
493 1533 559 1564 dies
587 1533 719 1569 Domini
918 1547 949 1577 5.
977 1547 1057 1579 Inde
1082 1550 1212 1584 iubente
1239 1555 1377 1590 Domino

295 1575 395 1608 Nobis
421 1579 525 1611 illuxit
553 1582 657 1623 hodie,
974 1595 1026 1627 Ad
1053 1607 1125 1629 oras
1152 1603 1255 1634 tendit
1281 1605 1372 1645 alias,

292 1623 327 1654 In
356 1634 416 1664 quo
443 1628 558 1660 amisso
582 1633 709 1664 saeculo
974 1643 1017 1675 Ut
1046 1645 1149 1678 lumen
1175 1649 1284 1683 lucens
1310 1656 1459 1689 omnibus

293 1670 316 1700 V
322 1672 403 1704 ictor
428 1677 553 1715 accepit
577 1681 762 1718 praemium.
974 1689 1043 1722 Non
1070 1696 1247 1730 occultetur
1272 1703 1390 1735 modio.

228 1755 259 1788 2.
288 1756 362 1788 Post
393 1759 504 1792 durum
533 1763 649 1795 victum
676 1768 783 1808 eremi,
913 1775 944 1805 6.
971 1774 1048 1808 Mox
1074 1777 1222 1814 Habendi
1247 1786 1432 1826 ingreditur

288 1804 363 1836 Post
387 1807 488 1846 iugem
519 1812 756 1850 paenitudinem
969 1822 1099 1857 Beanda
1125 1832 1240 1863 montis
1267 1836 1417 1877 culmina,

288 1853 432 1893 Amatus,
460 1857 579 1889 Christi
607 1859 752 1901 famulus,
968 1869 1100 1905 Sublato
1126 1880 1245 1916 passim
1272 1892 1401 1918 nemore

286 1900 452 1934 Caelorum
479 1913 577 1945 regna
601 1909 704 1946 petiit.
968 1918 1078 1951 Plures
1105 1921 1249 1959 fundavit
1277 1933 1419 1970 cellulas.

223 1987 257 2018 3.
284 1987 348 2020 Ubi
374 1990 496 2022 orando
522 1991 690 2024 Dominum
908 2003 938 2035 7.
966 2003 1091 2038 Turmis
1117 2017 1297 2047 sanctarum
1325 2020 1483 2061 virginum

282 2034 402 2074 Specus
429 2047 497 2069 cum
523 2044 592 2071 arte
619 2042 772 2083 condidit7
965 2051 1128 2087 Psallendi
1155 2069 1296 2095 normam
1323 2070 1486 2113 praebuit,

281 2082 426 2126 Tignum,
454 2088 538 2126 quod
566 2088 662 2121 breve
689 2090 804 2132 fuerat,
963 2098 1023 2130 Die
1049 2109 1206 2146 noctuque
1231 2110 1348 2151 iugiter

278 2130 337 2161 Tot
365 2134 453 2165 auxit
479 2135 593 2174 palmis
619 2137 749 2177 largiuS.
962 2147 1067 2180 Iesum
1094 2155 1127 2182 ut
1154 2154 1282 2190 laudent
1310 2162 1494 2203 Dominum.

218 2216 249 2248 4.
278 2216 377 2249 Caesa
403 2229 481 2260 rupe
509 2221 548 2252 de
573 2223 732 2256 montibus
904 2230 935 2262 8.
962 2231 1046 2264 Hinc
1071 2238 1197 2278 utrique
1222 2248 1321 2289 sexui,

279 2264 360 2296 Casu
387 2268 528 2300 minante
555 2271 689 2303 cellulae
960 2279 1098 2323 Magum,
1124 2289 1259 2331 pusillis,
1287 2298 1445 2343 omnibus,

276 2311 402 2346 Vexillo
427 2317 529 2348 crucis
556 2319 642 2350 edito
959 2327 1071 2360 Parem
1098 2337 1218 2372 aptavit
1241 2343 1393 2385 animum9

273 2359 350 2393 Mox
377 2371 488 2396 saxum
516 2365 585 2398 fixit
613 2376 750 2401 enorme.
959 2374 1097 2410 Cunctos
1123 2387 1157 2414 ut
1184 2385 1398 2426 lucrifaceret.
