1653 2656
673 136 936 170 —145—

553 362 623 393 244.
665 363 706 393 De
729 366 842 396 saneta
864 366 1048 399 Fortunata.

642 453 693 480 Ad
722 454 957 483 Matutinum.

425 548 454 580 1.
485 549 626 590 Virginis
652 559 765 583 sacrae
793 553 990 586 Fortunatae
1016 554 1101 588 festa

481 597 592 629 Mente
620 598 736 631 devota
763 601 963 634 celebremus
990 612 1111 645 omnes,

482 645 614 678 inclitos
641 647 709 678 eius
735 649 829 680 simul
856 659 893 682 ac
920 651 1101 692 triumphos

624 695 699 727 Rite
727 705 889 732 canamus,

420 799 451 830 2.
480 799 570 830 Haec
597 800 657 832 Dei
683 801 784 840 legem
810 803 998 836 meditando
1024 814 1160 848 semper,

477 847 540 879 Hic
568 849 620 880 via
644 850 757 881 matris
785 849 938 891 fugiendo
966 853 1069 885 cultus

478 896 597 927 Iudicis
623 898 710 929 saevi
737 900 854 930 meruit
881 898 1004 932 feroces

623 945 760 977 Vincere
786 956 917 986 poenaS.

417 1050 450 1083 3.
478 1049 632 1082 Fen-eam
661 1060 782 1083 serram
811 1054 978 1091 superavit
1004 1055 1121 1093 audax,

474 1098 623 1130 Carceris
649 1108 761 1131 caecas
788 1100 940 1132 tenebras
969 1100 1150 1143 famemque

474 1147 580 1186 Atque
606 1156 666 1186 per
691 1149 775 1180 talos
802 1148 972 1182 tenebrata
996 1151 1141 1190 pendens

620 1196 755 1228 Pectore
783 1195 869 1229 forti.

415 1303 445 1334 4.
474 1301 605 1333 Bestiae
630 1311 745 1334 saevae
772 1302 862 1333 rabie
889 1310 1012 1336 remota

472 1349 621 1381 Membra
647 1354 775 1382 sacrata
803 1351 926 1383 laniare
953 1356 1088 1391 mutant,

472 1398 536 1431 Sed
567 1399 630 1429 cito
657 1408 778 1439 pronae
806 1400 949 1439 pedibus
976 1401 1079 1434 beatis

617 1447 736 1480 Oscula
762 1448 930 1487 praebent.

418 1555 449 1586 5.
479 1553 591 1593 Regna
618 1554 808 1594 spondendo
835 1555 955 1594 placite
982 1556 1127 1595 polorum

472 1601 631 1633 Ethnicos
659 1603 776 1634 multos
802 1603 945 1635 tenebris
973 1605 1087 1645 ligatos

471 1650 617 1682 Gratiam
646 1650 767 1683 Christi
795 1651 934 1692 fideique
961 1653 1064 1684 lucem

616 1700 757 1731 Cernere
784 1699 872 1734 fecit.

411 1807 445 1838 6.
475 1806 550 1838 Post
575 1807 792 1847 triumphatos
821 1808 926 1839 varios
952 1817 1071 1848 agones

469 1854 641 1887 Fratribus
667 1856 769 1887 ternis
797 1855 992 1888 celebrando
1019 1857 1110 1898 virgo

468 1903 662 1944 Sanguinem
690 1903 829 1936 fundens
857 1905 1040 1944 penetravit
1067 1906 1151 1938 alma

613 1952 708 1985 Celsa
735 1953 894 1993 polorum.

410 2059 441 2091 7.
470 2058 564 2092 Unde
592 2059 710 2101 devoti,
739 2060 871 2091 nimium
900 2060 1005 2099 beata,

464 2109 554 2148 Quae
579 2108 743 2141 Christum
772 2113 864 2148 potes
892 2109 1044 2148 precibus
1071 2118 1218 2151 precare,

467 2158 591 2188 Cuncta
617 2166 680 2196 quo
706 2157 800 2188 nobis
827 2156 957 2189 famulis
984 2157 1109 2189 relaxet

611 2204 755 2237 Crimina
783 2205 934 2243 clemens,

408 2311 440 2344 8.
468 2312 537 2351 Quo
563 2311 627 2342 tuis
654 2311 776 2343 sanctis
804 2311 929 2342 meritis
957 2311 1119 2353 redempti

465 2359 581 2391 Nullus
609 2368 648 2391 ex
674 2359 769 2391 nobis
796 2364 910 2400 pereat
936 2359 1053 2399 fidelis,

467 2408 531 2442 Sed
558 2408 619 2440 Dei
646 2417 781 2449 regnum
808 2417 991 2441 mereamur
1019 2418 1129 2441 omnes

612 2456 777 2489 Scandere
803 2457 891 2489 laeti.

172 2518 313 2546 Dreves,
331 2518 435 2547 Hymni
452 2516 563 2540 Inediti.
594 2515 656 2539 vu.
1246 2515 1279 2544 10
