1653 2656
165 2347 287 2375 Milano.
311 2351 422 2379 Milano
445 2362 458 2379 s
489 2362 514 2380 a.
537 2351 638 2391 [1649]

744 131 977 166 -92-

229 246 236 253 .
265 221 326 253 Per
352 221 532 254 Barnabam
557 226 735 264 apostolum

263 268 409 301 Clemens
435 271 475 302 ad
503 270 596 303 fidem
625 274 762 314 ducitur,

262 315 347 348 Civis
375 317 533 350 Romanus
559 320 686 361 nobilis,

261 365 319 404 Qui
345 374 429 404 papa
454 371 575 407 martyr
601 370 745 403 moritur.

223 495 230 501 .
258 469 320 499 Hic
346 474 485 501 macerat
511 472 648 503 assiduis

260 517 381 555 Corpus
405 526 493 548 suuni
520 519 647 559 vigiliis,

256 563 384 595 Crebris
410 566 615 603 orationibus

256 610 489 650 Frequentibus
515 614 651 648 ieiuniis.

890 231 921 263 7.
946 231 1123 270 Apostolus
1149 233 1201 265 hic
1228 235 1392 272 Barnabas

947 278 1105 312 Matthaei
1132 284 1331 323 evangelium

945 325 1117 366 Deponens
1143 338 1241 371 super
1265 332 1434 374 languidos

945 373 1129 415 Languores
1156 383 1248 411 sanat
1273 382 1422 418 omnium.

881 477 912 511 8.
941 478 1002 510 Hic
1027 489 1046 511 a
1073 481 1201 514 Iudaeis
1226 484 1359 524 perfidis

939 525 1029 558 Fune
1056 528 1170 568 ligatus
1197 533 1346 575 trahitur,

942 574 1001 613 Qui
1028 577 1165 609 traditus
1192 579 1340 614 incendio

941 621 1095 662 Supernis
1122 625 1213 658 bonis
1241 626 1368 663 fruitur.

269 716 353 742 finer.
369 717 597 745 Ambrosianum
621 721 688 756 imp.
704 722 867 751 Mediolani
884 724 966 753 1487.
984 741 1017 745 —
1035 726 1062 761 4,
1081 727 1092 755 1
1117 730 1229 765 plenas.
1245 747 1280 752 —
1296 731 1322 766 8,
1338 733 1356 762 4
1377 738 1509 771 upernis.

622 899 681 930 152.
724 901 764 931 De
786 905 894 934 sancto
916 905 1070 938 Barnaba.

708 980 757 1006 Ad
786 982 977 1018 Vesperas.

213 1094 219 1100 .
249 1069 324 1101 Cum
352 1073 541 1111 protoplasti
568 1076 708 1114 germina

248 1117 345 1148 Morti
374 1118 477 1151 forent
504 1121 649 1160 obnoxia,

249 1164 297 1195 Ne
323 1165 372 1197 lex
400 1167 485 1206 ipsos
513 1169 661 1208 eriperet,

246 1212 329 1249 Quos
357 1214 443 1245 duris
472 1216 582 1248 vinclis
609 1219 791 1263 stringeret,

209 1342 214 1348 .
241 1318 379 1348 Advenit
407 1319 486 1351 lucis
513 1323 659 1354 conditor

245 1365 358 1396 Volens
385 1375 498 1399 sanare
524 1369 700 1410 languidos,

242 1412 299 1450 Qui
327 1422 438 1453 magna
464 1416 542 1447 dans
569 1419 716 1459 prodigia

241 1459 388 1499 Depulsit
413 1462 634 1502 ignorantiam.

180 1565 210 1597 Ρ,
239 1565 404 1598 Miraculis
431 1569 475 1599 sic
502 1568 674 1615 [inclitam]

238 1612 348 1644 Fidem
377 1616 504 1647 reduxit
531 1620 700 1657 perditam,

236 1660 309 1691 Post
337 1659 467 1704 [carnis]
493 1671 623 1697 mortem
644 1677 797 1708 superans

234 1707 368 1740 Revexit
396 1717 524 1743 cunctos
552 1714 702 1749 liberans,

198 1837 203 1843 .
235 1813 396 1846 Scandens
424 1817 502 1847 caeli
528 1819 680 1857 palatium

232 1860 380 1893 Sanctum
409 1863 528 1896 refudit
553 1867 709 1910 spiritum,

230 1909 297 1948 Quo
324 1911 408 1949 pleni
435 1915 509 1943 tunc
535 1916 672 1954 apostoli

228 1956 393 1989 Dederunt
418 1959 512 1991 fidem
538 1964 674 2002 populis.

862 1579 877 1609 x]

872 1083 903 1113 5.
931 1082 981 1114 Ex
1008 1085 1122 1123 quibus
1150 1086 1209 1118 fuit
1236 1091 1382 1123 conditus

931 1130 990 1161 Hic
1015 1132 1178 1166 Barnabas
1206 1138 1378 1179 piissimus,

928 1178 986 1216 Qui
1012 1182 1134 1219 sprevit
1161 1185 1270 1216 mundi
1295 1188 1411 1225 gaudia

928 1225 1033 1258 Corde
1060 1237 1215 1268 quaerens
1243 1235 1403 1269 caelestia.

876 1330 898 1361 ⁸.
926 1330 1066 1364 Terrena
1093 1334 1253 1376 (refliquit
1280 1341 1384 1372 omnia

928 1378 1073 1411 Vendens
1101 1382 1152 1413 hic
1178 1393 1234 1416 sua
1260 1388 1405 1427 praedia,

923 1425 1067 1459 Sociatus
1092 1432 1246 1469 apostolis

923 1473 1132 1513 Resplenduit
1159 1479 1332 1516 miraculis,

883 1602 890 1610 .
919 1579 996 1611 Cum
1006 1581 1103 1614 Paulo
1111 1584 1270 1618 Christum
1284 1591 1486 1630 praedicans,

917 1627 1019 1659 Deum
1046 1633 1178 1670 paganis
1205 1637 1364 1679 nuntians,

919 1675 954 1705 In
982 1676 1089 1717 Cypro
1113 1685 1224 1720 eaptus
1253 1684 1349 1715 variis

918 1721 1073 1755 Subactus
1100 1733 1147 1758 est
1173 1732 1350 1770 suppliciis

879 1850 885 1857 .
913 1826 972 1858 His
999 1829 1164 1868 perferens
1191 1834 1371 1869 incendium

913 1874 1059 1916 Suscepit
1081 1880 1164 1912 vitae
1190 1886 1377 1925 terminum

912 1921 1003 1954 Nunc
1030 1926 1166 1966 adeptus
1194 1932 1343 1965 caelestia

910 1971 970 2002 Pro
997 1973 1087 2005 nobis
1114 1985 1225 2014 preces
1252 1979 1374 2015 offerat.

542 2069 573 2100 9.
601 2067 669 2100 Deo
696 2071 780 2109 patri
807 2076 838 2103 et
864 2072 938 2113 filio,

601 2115 716 2149 Sancto
743 2119 836 2151 simul
862 2124 1019 2161 paraclito

602 2165 757 2206 Potestas,
785 2167 894 2210 honor,
923 2171 1024 2210 gloria

600 2213 662 2244 Per
687 2213 811 2247 infinita
837 2219 972 2251 saecula.

238 2311 406 2345 Puccinelli,
435 2315 564 2344 Placido.
595 2317 664 2344 Vita
691 2318 722 2344 di
748 2319 807 2346 San
834 2321 969 2350 Barnaba
1000 2326 1151 2362 Apostolo.
1178 2333 1271 2366 primo
1301 2341 1419 2370 pastore
1447 2340 1476 2367 di

641 2377 646 2389 ,
670 2356 698 2384 S.
723 2356 785 2384 105.
809 2359 926 2393 „Hinno
947 2362 976 2389 di
999 2363 1028 2390 S.
1045 2365 1181 2396 Bai-naba
1202 2370 1342 2402 descritto
1366 2377 1396 2403 in
1418 2378 1474 2406 due

162 2387 260 2414 codici
282 2390 391 2417 antichi
413 2391 442 2417 di
465 2396 545 2419 carta
567 2403 751 2430 pergamena,
774 2396 826 2424 che
843 2399 867 2425 si
883 2408 1064 2431 conservatio
1080 2406 1159 2434 nella
1174 2408 1274 2438 chiesa
1289 2412 1319 2440 S.
1338 2415 1472 2446 Lorenzo

163 2424 316 2461 Maggiore
334 2428 362 2455 di
384 2430 523 2457 Milano.“
546 2446 583 2449 —
605 2431 629 2466 9,
655 2432 668 2460 l
690 2434 736 2461 Sit
758 2435 830 2463 Deo.
