1653 2656
754 143 1014 179 —269—

463 234 494 266 6.
529 233 597 266 lam
626 238 715 270 caelo
741 241 843 271 sacris
871 247 1052 275 sanctorum
1081 247 1224 278 coetibus

526 282 658 316 Iunctus
684 288 835 327 exsultat,
863 291 929 330 qui,
958 292 1031 323 dum
1058 294 1154 325 terris
1181 296 1271 334 vixit,

523 329 649 364 Gaudia
680 335 755 366 totis
781 336 905 369 viribus
933 340 1069 372 calcavit

637 382 741 422 Impia
767 386 889 418 mundi.

463 485 494 516 7.
520 486 718 525 Quaesumus
745 498 833 532 erg0‚
862 492 1010 533 Domine,
1038 496 1188 533 precibus

520 533 624 566 Huius
651 545 764 569 sereno
792 539 851 570 hos
880 541 969 572 vultu
995 542 1164 581 gubernes,

519 582 604 622 Quos
631 583 679 615 his
706 585 866 619 iucundos
889 588 1046 620 interesse
1073 589 1153 622 facis

636 632 798 674 Benignus
827 634 929 667 festis.

461 735 492 767 8.
521 737 610 769 Patri
638 740 681 770 sit
707 739 814 779 decus,
844 742 945 774 honor
971 754 1095 784 quoque
1123 751 1196 778 nuto

520 784 676 826 Salusque
702 797 794 820 sacro
820 790 923 830 sitque
949 792 1088 834 spiritui⁷

517 832 634 866 Trinus
661 836 715 875 qui
742 836 829 868 Deus
857 843 887 869 et
915 849 994 871 unus
1019 850 1078 880 per
1105 848 1219 874 cuncta

632 883 774 923 Imperat
800 887 915 919 saecla.

289 983 373 1010 Brev.
405 985 602 1014 cluniacense
632 989 701 1024 imp.
730 991 855 1018 Parisiis
886 990 966 1020 1503.
994 1008 1027 1012 —
1055 993 1088 1026 3,
1116 994 1134 1021 ζ’»
1156 996 1233 1022 Mira
1255 1018 1262 1024 .
1286 1018 1291 1022 .
1316 1016 1323 1023 .
1345 1018 1351 1023 .
1380 1008 1475 1033 quem.
1500 1015 1537 1019 —

206 1017 233 1049 4,
256 1018 274 1046 ‘2
294 1021 436 1050 latentem
469 1040 504 1044 —
526 1023 552 1055 1⁹⁴,
575 1025 593 1052 2
612 1028 651 1053 sit
673 1029 801 1062 spiritui.

639 1216 703 1246 451.
748 1218 788 1247 De
811 1221 919 1249 saneto
942 1220 1104 1251 Paxentio.

724 1288 775 1315 Ad
805 1289 1035 1317 Nocturnus.

204 1379 233 1410 1.
262 1378 463 1412 Salvatorem
492 1382 711 1415 collaudemus
898 1388 930 1421 3.
959 1388 1122 1420 Nebuloso
1149 1391 1228 1421 situ5
1256 1392 1336 1431 loco,

310 1427 380 1459 Hac
406 1433 511 1461 noctes
526 1432 692 1474 gaudiosa,
1006 1437 1070 1469 Sed
1098 1439 1246 1471 caelestis
1274 1441 1429 1474 immensa

259 1476 328 1514 Qua
356 1477 473 1510 decore
500 1483 549 1510 est
574 1480 706 1512 indutus
956 1485 1025 1516 Lux
1054 1486 1136 1517 hunc
1162 1489 1338 1527 perlustrat
1364 1491 1470 1523 subito

308 1524 461 1566 Stolaque
486 1528 630 1566 pretiosa
1002 1534 1045 1565 Et
1070 1540 1105 1565 ut
1132 1544 1206 1566 cera
1232 1537 1356 1577 liquida

259 1572 390 1613 Martyr
415 1575 483 1606 eius
511 1576 682 1609 Paxentius
955 1583 1098 1621 Angelus
1125 1584 1255 1616 iubente
1283 1585 1351 1617 Deo

309 1621 346 1653 In
374 1623 505 1655 caelesti
531 1624 643 1664 gloria.
1001 1631 1181 1663 Madefecit
1207 1634 1362 1672 pondera.

199 1729 231 1761 2.
260 1729 436 1762 Paxentius
462 1735 586 1772 martyr
611 1733 714 1765 laetus
895 1740 926 1771 4.
957 1738 1092 1770 Nostros
1108 1741 1247 1775 clemens
1262 1751 1372 1783 nexuS,
1390 1742 1528 1779 Christe,

305 1778 410 1810 ludici
438 1784 673 1820 praesentatur,
1002 1787 1080 1819 Eius
1108 1790 1196 1821 solve
1221 1790 1381 1830 precibus,

254 1826 323 1858 Nec
349 1826 403 1858 hic
428 1829 494 1860 fide
519 1830 748 1872 perturbatur3
953 1835 1019 1867 Nos
1047 1840 1077 1867 et
1105 1838 1164 1869 hac
1190 1845 1284 1870 nocte
1311 1839 1351 1870 ab
1380 1839 1470 1872 hoste

301 1875 457 1908 Fastibus
483 1878 654 1915 laceratur,
999 1884 1041 1916 Et
1068 1886 1107 1917 ab
1134 1887 1374 1919 imminentibus

253 1923 317 1956 Sed
345 1928 410 1956 stat
436 1935 533 1958 orans
559 1931 590 1958 et
616 1928 758 1972 illaesus,
952 1933 1107 1965 Periculis
1134 1936 1305 1976 vigilantes

300 1973 466 2015 Iudexque
493 1975 712 2010 confunditur.
998 1982 1059 2012 Hic
1086 1988 1219 2024 protege
1247 1985 1392 2018 caelitus.

535 2085 565 2116 5.
594 2083 699 2122 Salus,
728 2086 839 2124 honor,
869 2087 970 2118 virtus
995 2098 1120 2130 quoque

639 2133 687 2164 Sit
713 2138 744 2164 et
771 2134 954 2166 benedictio

590 2181 750 2221 Regnanti
778 2183 809 2214 in
838 2183 995 2226 trinitate,

638 2229 705 2262 Nos
732 2240 857 2271 quoque
884 2234 987 2265 oratio

589 2278 696 2310 Huius
722 2279 799 2311 solis
827 2281 975 2313 claritate

637 2327 797 2359 Perducat
826 2338 895 2360 cum
923 2331 1051 2369 gaudio.

260 2429 347 2456 Brev.
373 2429 570 2459 Cluniaceuse
592 2433 662 2467 imp.
690 2434 815 2461 Parisiis
840 2433 922 2463 1503.
947 2451 984 2455 —
1010 2436 1038 2469 1,
1065 2437 1082 2465 5
1105 2440 1198 2465 cuius.
1220 2454 1258 2458 —
1279 2438 1311 2473 3,
1337 2440 1348 2468 1
1374 2444 1457 2470 situr.
1480 2460 1517 2463 —

179 2465 206 2500 3,
233 2465 250 2494 6
271 2468 440 2496 Madeficat.
