1653 2656
689 142 948 178 —264—

168 241 199 273 3.
227 239 401 272 Christiani
424 248 495 270 mox
522 240 709 281 caeduntur,

272 287 340 319 Rex
366 290 532 318 truncatur
555 287 674 327 gladio,

225 336 360 374 Quorum
388 335 511 366 animae
537 335 710 367 creduntur

271 383 430 416 Clariores
457 383 558 425 radio,

226 430 307 463 Sede
333 439 424 462 sacra
452 431 664 470 disponuntur

271 478 414 509 victores
441 479 473 510 in
499 478 613 511 stadio.

164 559 196 587 4.
222 555 372 587 Tortores
398 555 439 586 ad
466 555 548 586 viam
576 555 659 587 vitae

270 603 469 642 Compellunt
495 603 640 635 oracula:

223 651 351 681 Veniam
377 654 522 689 petentes
547 651 591 682 ite

270 698 365 737 Regis
389 698 430 729 ad
457 699 622 739 miracula,

221 747 287 785 Qua
314 746 456 778 dicatur:
487 746 559 778 Huc
585 747 688 778 venite

267 793 382 825 Omnes
406 794 473 825 sine
499 795 632 827 macula.

237 869 303 895 Ant.
331 877 367 895 et.
399 869 496 904 hymn.
527 880 576 896 ms.
608 872 748 897 Scarense
776 878 852 898 saec.
883 871 925 898 14.
955 869 997 907 [et
1024 870 1080 908 15].
1110 872 1179 900 Cod.
1201 874 1342 909 Upsalen.
1365 875 1387 902 C
1411 872 1477 901 422.

162 907 195 933 A.
216 921 249 925 —-
274 908 401 942 Legeutl.
430 917 480 934 ms.
511 909 661 935 Laurentii
689 909 800 936 Odouis
822 911 981 945 Lincopen.
1005 920 1080 938 saec.
1105 909 1176 938 ¹⁴l15.
1196 912 1265 939 Cod.
1287 913 1430 940 Dresden.
1454 914 1476 939 A

165 943 226 971 182.
256 943 290 971 B.
312 960 346 963 —
369 944 396 977 2,
424 946 434 972 l
460 947 618 973 Multitudo
648 949 790 974 invitatur
812 949 843 975 B.
866 963 901 966 —
923 947 949 979 2,
971 946 989 975 2
1012 950 1055 976 Ad
1078 950 1185 976 bellum
1208 950 1364 978 adducitur
1388 952 1418 978 B.
1444 966 1477 969 -

162 981 187 1014 2,
215 982 232 1010 4
258 984 292 1010 111
314 993 379 1018 rege
402 985 433 1011 B.
458 1000 493 1003 —
515 984 540 1013 3.
564 986 580 1011 6
602 987 631 1011 in
653 986 764 1021 proc-lio
786 987 819 1012 A.
843 1001 876 1005 -
900 985 927 1017 4,
951 984 969 1013 2
990 988 1133 1014 miracula
1155 990 1189 1015 A.
1213 1005 1247 1008 -
1269 988 1296 1021 4,
1317 989 1335 1016 4
1357 989 1476 1016 orat-ula

159 1021 193 1047 A.
217 1036 250 1039 ν-
272 1020 298 1053 6,
325 1021 343 1048 4
364 1022 409 1048 Ex
430 1024 492 1049 eius
513 1025 546 1050 B.
569 1038 602 1041 —
624 1022 649 1053 6,
671 1022 688 1050 6
710 1025 851 1051 Laetatur
872 1026 903 1052 B.
925 1040 961 1043 —
985 1026 1031 1052 Ad
1052 1027 1142 1062 Vesp.
1164 1026 1240 1054 steht
1262 1027 1312 1054 det·
1339 1028 1474 1063 Hymnus

160 1059 243 1085 Aual.
265 1061 315 1091 xl,
337 1061 387 1087 Nr.
409 1059 474 1093 383,
497 1062 552 1088 Str.
577 1060 657 1088 1⁸6.

851 242 883 272 5.
909 240 958 271 Tu
984 240 1152 273 confirmes
1177 250 1267 282 spem
1294 246 1421 274 tuorum

957 288 1051 320 Fidei
1076 290 1267 333 constantia,

910 336 978 367 Vim
1006 335 1146 369 feramus
1172 341 1401 370 tormentorum

957 385 1031 416 Pari
1057 385 1224 427 patientia,

909 433 952 466 Ut
979 441 1144 473 speremus
1169 434 1355 475 angelorum

956 481 1159 520 Sempiterna
1184 482 1315 523 gaudia.

848 558 879 590 6.
907 556 955 588 Sit
982 557 1062 597 laus,
1088 558 1190 590 honor
1215 560 1300 599 patri
1327 559 1395 591 Deo

957 605 1148 646 Dilectoque
1173 605 1249 649 filio,

906 651 1005 684 Sacro
1030 652 1150 686 flamini
1175 663 1244 686 cum
1271 663 1317 697 eo,

952 701 1003 732 Ex
1030 702 1117 733 cuius
1143 702 1278 742 imperio

904 748 1008 787 Super
1033 750 1184 789 martyris
1211 755 1343 792 tropaeo

950 796 1104 829 Laetetur
1130 798 1208 830 haec
1235 799 1352 831 contio.

605 1183 673 1212 442.
715 1183 756 1213 De
778 1186 882 1214 sancto
905 1184 1011 1215 Olavo.

699 1244 723 1269 A
733 1243 750 1269 d
778 1244 802 1270 L
811 1253 850 1271 au
859 1245 877 1271 d
886 1255 900 1272 e
911 1255 932 1272 s.

164 1308 193 1339 1.
223 1308 350 1347 Martyr
383 1309 502 1341 Christi
533 1309 726 1342 sublevatur.

268 1356 319 1387 Ad
347 1357 470 1387 domum
498 1357 671 1393 reducitur,

220 1403 340 1434 Vulnus
366 1413 446 1443 aqua
473 1414 544 1435 mox
571 1405 705 1438 lavatur.

267 1451 400 1490 Sanguis
426 1461 507 1491 aqua
533 1452 685 1484 miscitur.

218 1499 309 1537 Aqua
335 1499 433 1530 mixta
460 1500 647 1538 deportatur

264 1546 307 1577 Et
334 1545 410 1577 soris
437 1547 617 1581 effunditur.

163 1624 195 1654 2.
222 1623 342 1655 Caecus
368 1623 475 1663 lapsus
503 1633 576 1654 casu
603 1624 694 1657 hono.

267 1672 358 1710 Aqua
384 1671 484 1710 tangit
510 1672 671 1712 pupulam,

223 1718 330 1749 Visum
358 1719 442 1758 capit
468 1728 568 1758 aquae
595 1720 688 1757 dono,

270 1766 361 1797 Visus
388 1767 495 1805 perdit
521 1768 687 1806 maculam,

221 1813 379 1844 Christum
407 1814 515 1846 laudat
543 1815 626 1846 dulci
653 1825 728 1847 sono

268 1861 387 1893 Laudis
414 1862 524 1893 videns
552 1861 698 1896 faculam.

160 1939 191 1970 3.
218 1937 341 1977 Lingua
367 1938 492 1969 cuidant
519 1944 711 1978 amputatur,

263 1986 305 2017 Et
331 1989 436 2016 mutus
461 1985 611 2020 efficitur.

215 2034 314 2073 Opem
340 2034 489 2073 martyris
513 2039 672 2075 precatur,

264 2081 392 2121 Martyr
417 2091 512 2121 prece
538 2082 686 2118 flectitur,

218 2129 301 2161 Usus
326 2129 452 2170 linguae
482 2129 684 2172 reformatur,

262 2177 460 2209 Adulescens
488 2178 636 2218 loquitur.

844 1315 875 1344 4.
903 1313 1019 1344 Morbo
1045 1313 1160 1345 mulier
1189 1319 1352 1347 contracta

951 1361 1047 1392 Fulta
1074 1362 1158 1400 repit
1186 1362 1310 1403 baculo7

902 1408 1026 1439 Inimici
1054 1408 1140 1440 fraus
1167 1410 1280 1454 ahacta

949 1455 1068 1487 Fracta
1095 1458 1179 1496 perit
1205 1459 1320 1499 iaculo,

904 1502 987 1534 Sana
1014 1504 1098 1535 redit
1125 1505 1278 1545 languens
1306 1506 1391 1539 facta

949 1551 1045 1592 Regis
1071 1552 1111 1584 ab
1139 1555 1279 1588 oraculo.

846 1629 875 1658 5.
904 1627 1086 1660 Sacerdotis
1115 1630 1295 1663 detruncati

953 1677 1106 1708 Membris
1132 1682 1263 1710 truncus
1290 1681 1417 1712 vehitur

905 1723 1020 1754 Locum
1048 1726 1132 1765 regis
1159 1727 1198 1757 ad
1226 1727 1322 1766 beati,

952 1771 1097 1804 Truncus
1124 1774 1169 1806 ibi
1195 1776 1335 1815 ponitur,

905 1818 1116 1852 Resttturatur
1141 1824 1271 1855 sanitati

951 1867 992 1898 Et
1019 1877 1129 1908 sospes
1155 1872 1347 1910 regreditur.

846 1943 876 1974 6.
904 1942 990 1982 Ergo
1017 1945 1178 1977 Christum
1204 1948 1412 1988 imploremus

953 1991 1051 2031 Opem
1079 1992 1164 2025 serre
1191 1997 1327 2035 miseris,

903 2038 943 2070 Ut
973 2044 1141 2080 tyrannum
1169 2052 1354 2083 superemus

950 2087 993 2118 Et
1019 2089 1197 2122 ministrum
1221 2093 1363 2135 sceleris,

903 2133 946 2166 Ut
973 2136 1005 2166 in
1032 2137 1128 2169 caelis
1155 2148 1384 2180 conregnemus

950 2182 1086 2216 Reducti
1113 2186 1152 2218 ab
1178 2187 1304 2222 inferis.

535 2257 563 2288 7.
593 2256 641 2288 Sit
667 2257 746 2297 laus⁷
774 2258 874 2290 honor
901 2260 985 2298 patri
1011 2260 1089 2295 Deo.

229 2330 293 2356 Ant.
321 2334 349 2357 et
377 2331 474 2366 hymn.
502 2340 554 2358 lus.
582 2335 724 2360 §cai-ense
753 2343 827 2361 saec.
859 2333 902 2361 14.
932 2332 971 2370 [et
999 2335 1056 2373 15].
1085 2340 1153 2367 Cod.
1185 2343 1327 2379 Upsalen.
1357 2345 1379 2372 C
1405 2344 1472 2373 422.

153 2368 186 2394 Α.
208 2382 244 2386 -
267 2369 391 2404 Legend.
419 2379 469 2396 ms.
498 2371 651 2397 Laurentii
673 2371 785 2399 Odonis
807 2374 968 2409 Lincopen.
991 2384 1067 2403 saec.
1092 2377 1162 2407 '⁴¹15,
1186 2382 1257 2409 cod,
1279 2383 1422 2412 Dresden‚
1446 2386 1471 2412 Α

156 2404 218 2433 152.
247 2407 277 2433 Β.
299 2421 335 2425 -
359 2407 382 2440 l,
403 2407 421 2434 4
442 2410 580 2436 miscetur
602 2410 663 2436 AB.
684 2425 722 2428 —
742 2410 769 2442 4,
791 2409 808 2438 2
830 2413 923 2447 erepit
943 2413 975 2439 B.
997 2429 1033 2432 —
1054 2415 1080 2447 4,
1103 2415 1120 2444 3
1141 2420 1267 2448 abaucta
1289 2422 1322 2449 Β,
1344 2437 1381 2442 -
1406 2422 1432 2456 7,
1456 2423 1470 2451 1

157 2445 219 2471 Dm
241 2447 317 2480 patri
340 2447 371 2473 B.
394 2461 429 2465 —
451 2447 517 2481 Vgl.
540 2448 596 2475 Str.
620 2446 646 2481 2,
668 2446 685 2475 3
707 2449 766 2476 und
787 2449 804 2476 5
827 2450 918 2478 sehon
939 2453 1023 2480 Aual.
1046 2455 1096 2487 xl,
1115 2457 1166 2484 ΝΥ.
1187 2457 1252 2487 383.
