1653 2656
730 140 968 176 ..48-

631 302 676 332 73.
717 301 750 333 ln
773 300 961 332 Visitatione
982 300 1071 331 BMV.

707 371 761 398 Ad
785 371 981 407 vesperas.

213 493 219 500 .
248 468 329 499 Dum
358 473 483 508 patrum
511 469 708 508 exspectatio
876 471 908 501 5.
934 468 960 500 Ο
987 468 1076 508 virgo
1102 468 1188 499 Iesse
1213 466 1338 509 florida,

248 515 370 548 Clamat
396 516 547 548 Messiam
575 516 696 557 sitiens,
934 515 1087 548 Fructum
1113 516 1225 547 salutis
1252 516 1391 556 pariens,

251 564 365 595 Mundi
393 565 479 595 venit
507 564 684 606 redemptio
936 563 1037 595 Stella
1063 563 1159 595 Iacob
1190 562 1405 603 praefulgida,

247 611 295 642 De
321 612 391 642 sinu
417 613 519 651 patris
547 612 675 644 saliens.
934 611 971 643 In
997 612 1098 642 lucem
1126 616 1266 644 nostram
1292 613 1416 643 oriens!

212 740 219 746 .
248 715 315 747 Lux
343 717 445 756 spirat
473 717 563 747 verni
590 716 754 756 temporis,
874 718 906 749 6.
932 716 1048 754 Maria,
1075 725 1178 756 surge,
1207 725 1357 756 propera,

246 763 294 795 De
323 765 409 804 virga
435 763 494 796 flos
521 764 710 806 concipitur,
933 764 1015 795 Veni
1041 772 1111 795 cum
1139 769 1192 796 tuo
1218 764 1295 803 filio,

247 812 330 843 Puer
360 811 497 851 perfecti
527 812 670 852 corporis
932 812 1086 850 Procede,
1114 821 1250 852 regnans
1276 812 1409 852 impera⁷

250 859 367 890 Ventre
394 860 518 892 Mariae
547 860 716 893 clauditur.
931 859 1077 891 Defende
1103 869 1160 891 nos
1185 860 1218 891 in
1243 860 1378 899 proelio.

212 987 220 995 .
247 964 370 995 Pascha
396 974 510 995 novum
537 965 598 996 iam
627 965 792 997 celebrans
875 965 906 999 7.
933 965 1043 997 Saluta
1069 974 1151 996 nunc
1177 965 1354 1003 ecclesiam,

248 1011 347 1050 Virgo
373 1012 489 1043 transit
514 1022 533 1043 a
559 1012 737 1054 Nazareth,
932 1013 976 1045 Ut
998 1017 1084 1044 tuam
1110 1022 1218 1044 vocem
1244 1013 1380 1044 audiens

245 1059 297 1090 Ad
325 1059 439 1090 altiora
464 1068 654 1100 properans,
934 1061 1093 1100 Exsurgat
1118 1061 1150 1091 in
1176 1061 1309 1102 laetitia,

249 1106 372 1138 Salutet
397 1111 430 1137 ut
456 1107 634 1140 Elisabeth.
936 1109 1119 1139 Adventum
1147 1108 1266 1140 Christi
1292 1108 1443 1141 sentiens,

204 1230 220 1242 -.
248 1210 370 1241 Mariae
397 1202 546 1244 salutatio
875 1212 906 1245 8.
933 1213 958 1245 O
985 1213 1065 1254 Iesu,
1095 1221 1152 1253 per
1177 1213 1331 1244 miracula

248 1257 419 1298 Cognatam
446 1260 574 1298 quando
602 1260 720 1301 visitat,
932 1261 1032 1291 Tuam
1059 1265 1191 1291 matrem
1217 1260 1368 1300 clarifica,

247 1306 418 1337 Iohannem
445 1307 477 1337 in
503 1307 656 1347 mysterio
935 1308 976 1340 Ut
1004 1313 1116 1339 cuncta
1143 1313 1274 1339 noscant
1301 1308 1428 1339 saecula

250 1353 286 1384 In
312 1363 428 1385 novum
454 1354 599 1393 plausum
628 1355 757 1387 excitat.
932 1356 1010 1387 Eius
1033 1359 1121 1395 gesta
1147 1356 1293 1388 mirifica.

547 1461 578 1492 9.
609 1459 697 1497 Veni,
724 1467 813 1499 puer,
840 1459 984 1491 alliciens

607 1506 660 1538 Ad
685 1510 773 1537 tuum
798 1516 855 1538 nos
881 1508 1076 1550 cenaculum,

609 1555 651 1587 Ut
677 1558 731 1585 tua
755 1558 858 1586 mater
882 1556 1041 1586 transiens

608 1602 769 1633 Ministret
796 1603 880 1634 vitae
906 1604 1063 1642 poculum.

262 1704 348 1730 Brev.
370 1705 527 1731 Arosiense
551 1706 619 1740 imp.
640 1706 776 1732 basileae
799 1704 880 1733 1513.
902 1721 939 1725 —
961 1707 1024 1742 vgl.
1047 1707 1216 1744 Klemming
1237 1709 1275 1743 11,
1301 1708 1354 1737 164
1374 1710 1403 1736 ff.

623 1875 669 1904 74.
709 1873 743 1904 In
766 1873 953 1906 Visitatione
975 1876 1062 1906 BMV.

680 1944 732 1971 Ad
761 1945 1001 1972 Nocturnum.

210 2064 218 2071 .
245 2040 309 2072 Sub
336 2040 443 2072 medio
469 2041 596 2072 silentio
872 2044 903 2075 3.
931 2044 1058 2076 Gaudet
1084 2045 1174 2087 virgo
1200 2048 1392 2088 concipiens,

244 2089 328 2121 Dum
354 2089 491 2121 mundus
515 2089 656 2129 gaudens
682 2090 747 2121 otio
929 2092 1027 2131 Quem
1056 2092 1188 2126 Gabriel
1214 2097 1434 2138 praedixerat,

245 2138 281 2168 ln
308 2136 511 2169 tenebrarum
538 2137 612 2168 filiis
873 2139 875 2142 ’
929 2141 1027 2180 Quem
1054 2142 1164 2174 matris
1190 2143 1262 2176 alvo
1287 2146 1427 2185 gestiens

243 2184 426 2218 Fovebatur
452 2185 484 2217 in
511 2185 607 2223 vitiis,
931 2188 1064 2220 Clausus
1090 2190 1246 2224 Iohannes
1273 2198 1429 2228 senserat.

209 2316 217 2323 .
244 2290 381 2330 Superni
406 2291 482 2323 solis
508 2291 630 2330 radius,
868 2294 900 2326 4.
926 2293 1061 2326 Indutus
1091 2297 1195 2329 carnis
1219 2299 1332 2332 trabea

241 2340 374 2370 Aeterni
401 2340 502 2379 patris
528 2339 623 2377 filim,
927 2341 1005 2373 Exit
1031 2343 1171 2376 claustra
1196 2347 1351 2388 virginea,

242 2387 296 2418 Ad
322 2386 506 2428 effugandas
532 2387 682 2420 tenebras
929 2389 1042 2422 Nudus
1068 2392 1174 2426 iacens
1200 2395 1232 2427 in
1256 2397 1390 2436 pulvere

243 2434 356 2468 Carnis
383 2435 501 2468 subivit
526 2436 678 2470 latebras.
929 2438 1025 2471 Venit
1049 2438 1144 2474 flores
1170 2444 1331 2485 colligere.
