1653 2656
709 112 949 147 -25-

265 208 298 241 5.
325 206 430 240 Iudex
456 217 527 240 eum
554 208 691 247 veneris,
721 217 916 243 concernere
940 212 1069 244 saecula
1095 216 1219 255 cuncta,

375 255 522 289 Praemia
552 260 629 289 tunc
653 257 746 289 iustis
773 258 892 299 desque
918 260 982 291 reis
1008 260 1144 293 veniam.

323 304 493 347 Angelicis
519 305 633 338 turmis
659 306 771 349 cingas
796 316 865 349 nos,
893 308 1042 340 conditor
1067 308 1164 347 orbis,

374 353 446 384 Non
473 354 593 386 nostris
619 355 742 386 meritis
767 355 825 387 sed
851 355 995 388 bonitate
1022 357 1136 390 crucis.

320 401 466 433 Mittitur
491 411 510 433 a
535 406 640 442 patre,
671 403 724 442 qui
750 403 839 437 laxat
867 405 1001 437 crimina
1027 405 1144 446 grati53

241 449 295 483 10.
373 449 436 481 Pro
463 451 557 482 venia
580 449 693 483 flentes
719 452 772 483 hic
797 453 972 495 rogitemus
999 463 1078 487 eum.

323 497 382 537 Qui
409 497 581 530 crucifixus
608 503 688 539 erat,
715 500 814 541 Deus,
841 510 924 543 ecce,
953 511 1012 541 per
1037 503 1143 533 omnia
1172 507 1303 542 regnat3

372 545 515 578 Crimina
540 556 624 578 nunc
649 551 761 579 nostra
787 549 931 589 linquere
958 559 1014 581 nos
1042 550 1151 583 faeiat.

322 593 401 626 Fert
429 603 506 626 crux
533 604 626 626 omne
653 596 780 635 bonum,
809 606 887 630 crux
913 598 1006 638 pellit
1032 607 1124 630 omne
1152 598 1314 640 delictum,

372 642 459 675 Crux
485 643 565 683 tegit
591 643 643 675 hic
670 644 800 687 clerum,
829 654 906 677 crux
933 646 1022 679 iuvat
1048 651 1079 678 et
1104 647 1268 687 populum.

244 690 299 722 15.
328 690 439 722 Virtus
465 694 495 722 et
521 691 623 723 omnis
650 692 752 724 honor
777 693 836 724 tibi
862 694 914 733 sit,
942 703 999 726 rex
1026 695 1163 734 Christe,
1193 695 1366 733 redemtor,

373 739 410 770 In
440 747 535 770 cruce
561 741 714 780 consigna
740 746 854 774 cuncta
881 747 989 774 creata
1015 746 1080 776 tua.

246 823 380 850 Process.
408 833 461 852 ms.
489 825 697 853 Wintoniense
725 835 801 853 saec.
832 826 875 853 15.
903 828 973 855 Cod.
1000 827 1144 855 Oxonien.
1173 828 1255 855 Bodl.
1285 826 1350 855 637.
1377 844 1414 848 —
1438 829 1497 855 Ab·

171 860 276 889 schrift
295 871 353 889 von
378 863 449 889 Rev.
472 863 510 889 H.
531 863 571 890 M.
593 865 759 892 Bannister.

619 1005 667 1034 34.
704 1005 745 1035 Do,
769 1005 887 1036 Corona
909 1006 1034 1046 spinea.

685 1075 736 1102 Ad
763 1076 958 1112 Vesperas.

165 1163 196 1195 1.
223 1162 406 1194 Laudemus
433 1172 539 1204 regem
566 1164 687 1204 gloriae
861 1167 892 1198 3.
921 1165 1040 1205 Spinae
1068 1165 1174 1198 ferens
1202 1167 1380 1198 ludibrium

226 1209 366 1242 Nostrae
393 1220 543 1243 coronam
571 1212 715 1252 spineam
920 1213 988 1245 Rex
1015 1215 1108 1254 spina
1135 1224 1246 1247 carens
1273 1216 1436 1256 pungitur,

227 1258 454 1298 Imprimentes
480 1260 664 1301 memoriae,
920 1262 1046 1301 Spineti
1073 1267 1188 1303 purgat
1216 1264 1338 1299 vitium,

227 1307 350 1339 Christi
376 1316 490 1340 cruore
517 1317 652 1341 roseam.
918 1310 1003 1341 Dum
1030 1311 1133 1351 spinis
1160 1315 1299 1351 punctus
1326 1313 1472 1344 moritur.

165 1393 197 1425 2.
226 1393 297 1425 Rex
326 1403 447 1435 regum,
475 1395 559 1435 regis
586 1394 681 1437 filius,
861 1398 893 1428 4.
922 1396 1035 1428 Gloria
1061 1397 1130 1439 tibi,
1159 1397 1306 1439 Domine⁷

226 1441 405 1474 Descendit
431 1453 450 1474 a
476 1443 649 1483 regalibus,
922 1445 984 1476 Pro
1011 1454 1149 1477 coronae
1178 1446 1359 1485 virtutibus,

225 1490 296 1522 Rex
324 1491 438 1531 culpae
463 1492 575 1531 spinae
601 1493 727 1524 nescius
920 1493 1120 1533 Redemptos
1147 1497 1201 1525 tuo
1227 1495 1381 1535 sanguine

225 1539 286 1571 Est
312 1543 484 1571 coronatus
510 1540 665 1574 sentibus.
919 1541 1075 1581 Supernis
1102 1543 1198 1584 iunge
1226 1543 1359 1577 civibus,

240 1624 325 1652 Brev.
353 1624 496 1652 Searense
523 1626 592 1661 imp.
623 1627 835 1663 Norimbergae
868 1625 949 1654 1498.
971 1627 1004 1653 Α.
1027 1644 1061 1647 -
1086 1629 1170 1655 Brev.
1199 1628 1397 1656 Aarhusiense
1423 1630 1492 1666 imp.

164 1663 331 1691 Aarhusiae
355 1662 437 1691 1519.
460 1665 492 1692 B.

614 1779 661 1809 35.
703 1778 745 1809 De
768 1778 885 1810 Corona
907 1780 1030 1819 Spinea.

703 1849 754 1876 Ad
777 1850 935 1877 Laudes.

158 1937 188 1970 1.
216 1937 345 1969 Laudes
371 1938 412 1969 ad
439 1937 552 1969 laudes
578 1938 711 1978 iungite,
856 1941 888 1972 3.
917 1940 1027 1979 Spina,
1054 1940 1171 1980 spineti
1199 1940 1311 1980 gloria.

218 1985 371 2018 Exsultet
398 1986 520 2018 caelum
548 1986 710 2028 laudibus,
915 1988 1096 2028 Oppressos
1123 1989 1225 2028 spinis
1252 1989 1381 2029 liberat,

219 2034 350 2067 Laudes
376 2043 514 2067 coronae
539 2035 680 2075 psallite,
916 2037 978 2069 Per
1005 2037 1132 2077 spinam
1160 2036 1195 2068 fit
1222 2038 1369 2077 victoria,

221 2082 352 2125 Gentes,
379 2083 528 2125 plaudite
554 2084 711 2117 manibus.
914 2086 999 2118 Dum
1027 2086 1121 2125 spina
1141 2085 1305 2117 Christum
1333 2087 1490 2121 vulnerat.

157 2171 189 2203 2.
217 2171 416 2211 Angelorum
442 2180 500 2203 rex
527 2172 665 2213 capitur,
853 2174 884 2205 4.
914 2171 1027 2204 Gloria
1054 2172 1124 2214 tibi,
1152 2173 1300 2211 Domine,

217 2218 345 2251 Sertum
369 2224 505 2260 paratur
530 2221 688 2261 spineum,
914 2222 977 2253 Pro
1005 2230 1142 2252 coronae
1171 2221 1355 2263 virtutibus,

217 2267 301 2300 Dum
328 2272 415 2301 serto
441 2269 554 2309 spinae
579 2269 743 2311 pungitur,
915 2269 1113 2309 Redemptos
1140 2272 1194 2301 tuo
1221 2270 1376 2310 sanguine

216 2316 360 2357 Regnum
389 2317 467 2349 vicit
493 2321 681 2350 tartareum.
911 2317 1066 2357 Supernis
1096 2318 1192 2358 iunge
1219 2318 1352 2353 civibus,

230 2403 318 2432 Brev.
340 2405 485 2432 Scarense
513 2405 583 2440 imp.
612 2402 824 2440 Norimbergae
854 2401 936 2431 1498.
960 2404 993 2431 Α.
1017 2421 1052 2424 -
1076 2405 1162 2432 Brev.
1192 2405 1393 2433 Aarhusiense
1419 2408 1489 2443 imp.

150 2442 318 2471 Aarhusiae
342 2441 426 2471 1519.
