1653 2656
695 147 955 199 —1434—

408 247 462 280 15.
488 245 522 278 Si
547 255 616 284 nos,
644 255 739 288 quam
765 245 844 277 satis
871 248 930 284 est,
960 243 1083 276 deseris
1108 243 1205 284 ultra,

489 295 561 327 Non
587 303 662 334 spes
687 294 801 326 auxilii
826 302 884 325 nos
909 292 1006 324 habet
1032 291 1118 327 ulla:

487 342 533 375 Ut
558 352 616 374 nos
642 342 808 383 respicias,
837 350 913 382 ergo
939 349 1119 382 precamur,

487 391 641 430 Magnum
667 399 803 429 namque
828 393 917 421 tuum
943 397 1038 428 posse
1065 386 1212 419 fatemur.

405 478 460 510 16.
485 476 622 509 Sanctus
648 477 702 508 vix
729 476 850 516 aliquid
876 475 1043 517 praevalet
1069 474 1165 513 ullus,

489 525 562 557 Non
588 525 723 565 implere
749 525 836 556 valet
861 523 946 564 quod
972 527 1027 554 tua
1052 523 1165 563 virtus,

487 573 638 613 Excepta
663 573 792 605 Domini
818 576 921 604 matre
947 571 1053 603 Maria

488 621 547 653 Est
575 626 640 654 tam
667 622 757 661 virgo
783 625 898 661 potens
924 620 1052 660 cognita
1077 618 1175 650 nulla.

407 709 462 740 17.
490 709 574 747 Quos
601 708 742 748 gaudere
769 706 860 745 facis,
889 706 979 746 virgo
1006 704 1170 745 perennis,

489 757 665 788 Translatu
691 755 815 796 proprii
843 754 987 794 corporis
1014 753 1101 792 almi,

489 805 645 836 Viventes
671 809 703 835 et
728 804 762 835 in
788 803 849 834 hoc
876 806 1008 842 protege
1034 801 1139 832 saeclo

490 854 567 886 Post
594 856 624 884 et
651 861 708 884 nos
735 851 860 882 tribuas
887 851 996 881 vivere
1023 850 1122 881 caelo.

412 940 467 972 18.
496 939 638 972 Illustris
664 938 804 979 suboles,
831 937 944 968 inclita
971 936 1081 973 Fides,

492 987 572 1020 Cum
600 987 730 1019 Christo
756 985 816 1016 tibi
842 985 882 1016 sit
908 984 1010 1024 gloria
1036 991 1163 1023 perpes,

490 1035 603 1067 Nostri
631 1044 707 1066 cura
733 1033 793 1064 tibi
819 1034 861 1064 sit
888 1031 1058 1072 specialis,

490 1083 578 1124 Ergo
606 1087 714 1114 coetus
741 1083 845 1113 Amen
873 1083 1022 1120 personet
1050 1078 1162 1110 omnis.

240 1180 416 1207 Passionale
436 1187 489 1205 ms,
512 1177 684 1205 conchense
707 1185 783 1202 saec.
809 1174 839 1201 11
871 1183 915 1201 ex.
943 1173 1013 1201 cod.
1043 1171 1236 1200 Selestadien.
1259 1169 1295 1197 95
1324 1168 1421 1199 (1187)
1461 1185 1495 1188 -—

168 1218 210 1252 12,
232 1217 249 1246 2
270 1219 348 1256 91]οῂ
369 1233 403 1237 -
429 1216 471 1248 16,
494 1214 512 1243 3
532 1216 696 1251 Exspectat
716 1215 838 1241 Domini
861 1217 962 1240 mater.
987 1228 1020 1231 —
1048 1211 1090 1243 17,
1110 1210 1128 1238 4
1146 1219 1198 1237 nos
1217 1209 1297 1236 fehlt.
1314 1223 1349 1227 —
1368 1209 1410 1237 175,
1427 1209 1444 1232 ξ’,
1461 1210 1497 1234 *it

165 1258 245 1286 fehlt.
270 1272 306 1276 —
329 1256 514 1285 Uberschrift
537 1255 666 1289 „Versus
690 1254 724 1280 de
748 1253 849 1280 eadem
872 1249 1094 1278 translationes*

640 1406 710 1437 242.
752 1406 793 1436 De
816 1406 927 1435 sancta
950 1402 1031 1434 Fide.

439 1511 470 1542 1.
497 1508 601 1545 Mare,
629 1505 711 1538 fons.
739 1505 866 1546 ostium,
895 1509 1019 1544 portus,
1045 1502 1181 1542 asylum,

500 1556 626 1588 Corona
651 1559 841 1594 martyrum,
870 1552 974 1584 factor
1001 1551 1167 1588 bonorum,

497 1606 527 1637 A
554 1609 585 1635 te
612 1604 696 1635 bona
721 1601 834 1641 fluunt,
862 1601 904 1633 ad
930 1606 961 1631 te
986 1603 1166 1631 recurrunt.

437 1695 468 1726 2.
499 1693 607 1733 Virgo,
634 1690 693 1722 flos
721 1690 890 1729 virginum,
919 1686 1030 1727 Fides,
1057 1689 1250 1724 sanctarum,

498 1742 649 1773 Mercans·
676 1738 872 1772 consortium
899 1746 995 1777 passa
1021 1735 1157 1775 piorum,

498 1789 624 1830 Sponso
650 1790 804 1829 prompta
829 1786 933 1818 locum
956 1785 1057 1816 intrat
1083 1783 1275 1823 sapientum.

437 1880 470 1912 3.
497 1876 627 1911 Gaudet
652 1875 777 1907 laetitia
804 1874 859 1905 lux
887 1872 1054 1910 hodierna,

497 1924 614 1958 Mundi
641 1933 700 1964 per
726 1923 857 1954 elimata
877 1921 978 1962 signis
1005 1923 1129 1959 ornata,

500 1975 641 2006 Poscunt
666 1971 772 2012 plebis
798 1975 873 2004 vota
900 1969 992 2002 iustis
1019 1966 1199 2008 profutura.

437 2064 471 2096 4.
500 2064 628 2104 Preces,
657 2069 777 2102 sponsa
804 2059 938 2099 Christi,
967 2058 1078 2088 horum
1103 2053 1232 2093 exaudi,

498 2111 632 2144 Pondus
659 2119 738 2150 quos
764 2107 891 2149 proprii
917 2105 1034 2147 premit
1063 2103 1185 2141 delicti,

498 2160 576 2202 Fac,
604 2163 639 2191 ut
666 2159 730 2190 sint
756 2156 853 2189 soluti
880 2155 1077 2193 laudentque
1103 2150 1276 2190 redempti.

440 2250 471 2281 5.
499 2247 547 2280 Sit
574 2247 644 2278 laus
670 2245 740 2277 Deo
767 2227 855 2284 patri
882 2242 986 2283 patris
1010 2246 1039 2272 et
1068 2239 1152 2280 proli

502 2295 685 2334 Sanetoque
711 2293 852 2333 spiritui,
881 2290 1026 2330 compari
1050 2289 1082 2320 iu
1109 2287 1206 2324 omni,

502 2345 667 2377 Potestate
694 2341 755 2374 Dei
782 2349 840 2381 per
864 2344 1011 2380 tempora
1038 2336 1146 2369 saecli.

248 2445 360 2479 Hymn.
387 2451 441 2470 ms.
474 2439 669 2476 Sangallense
699 2444 776 2465 saec.
805 2435 850 2463 15.
876 2434 948 2463 Cod.
977 2432 1148 2469 Sangalleu.
1180 2428 1222 2458 16.
1250 2443 1287 2449 —
1314 2427 1345 2462 4,
1379 2427 1391 2455 l
1420 2429 1509 2456 huius

170 2484 286 2512 exaudi.
