1653 2656
706 109 964 145 —137-

607 258 676 290 232.
718 260 758 291 De
780 263 892 293 sancta
912 262 1067 295 Eustella.

699 329 740 357 In
768 331 972 359 Laudibus.

171 410 204 444 1.
230 410 293 453 En,
320 416 393 445 orta
418 415 513 448 stella
538 417 708 450 Xantones

230 459 267 490 In
291 459 370 492 orbe
396 462 520 495 lucidat
546 465 655 505 duces,

229 507 294 539 Diu
320 507 380 540 fuit
408 512 574 545 recondita

228 555 351 597 Puella⁷
379 563 504 600 martyr
528 561 652 596 inclita.

193 677 198 684 .
228 653 340 684 Virum
368 654 487 694 pudica
514 658 659 689 nesciens

225 700 296 732 Deo
323 701 431 734 dicata
459 705 599 736 continet

224 749 268 781 Et
293 749 390 781 idolis
418 753 604 784 renuntians

223 797 322 838 Regis
348 798 450 830 minas
477 800 557 831 nihil
584 806 691 841 pavet.

866 422 897 454 3.
925 421 1071 454 Eustella
1099 423 1128 454 vi
1155 425 1224 455 neci
1252 426 1354 468 datur,

926 469 969 501 Et
996 478 1070 502 ense
1097 480 1153 502 rex
1180 478 1274 511 pater
1298 480 1401 518 necat,

923 517 1029 558 Digna
1056 518 1125 551 Deo
1151 521 1196 551 sic
1222 521 1359 554 laetatur

925 565 1033 606 Virgo,
1058 568 1165 606 proles
1192 568 1383 603 Xantonica.

862 662 894 694 4.
924 662 1071 694 Parentis
1094 663 1162 695 odit
1186 674 1321 706 errores,

921 709 1035 741 Fidem
1063 711 1177 750 probat
1206 714 1416 757 credentium,

922 759 1028 790 Patris
1054 769 1160 798 moresv
1184 760 1263 802 fugit
1290 762 1387 801 leves⁷

921 806 1007 845 Opes
1031 811 1114 838 amat
1142 808 1295 842 fidelium.

538 899 570 931 5.
599 898 720 939 Honor,
749 900 844 940 salus,
871 902 1013 940 potentia

594 947 667 978 Iesu
693 947 735 978 sit
760 952 856 987 atque
882 949 995 989 gloria,

594 995 653 1033 Qui
681 994 809 1027 famulis
836 997 976 1028 reluceat

591 1042 758 1074 Eustellae
783 1053 842 1083 per
869 1044 1028 1086 suffragia.

235 1136 321 1164 Brev.
343 1137 536 1165 Xantoneuso
558 1140 628 1174 imp.
650 1140 779 1167 Pictavii
803 1140 884 1169 1524.

598 1311 665 1342 233.
707 1311 749 1343 De
772 1315 879 1344 sancto
902 1313 1046 1346 Evnrtio.

683 1383 734 1410 Ad
764 1384 959 1420 Vesperas.

178 1492 185 1500 .
214 1466 403 1500 Gratuletur
427 1470 566 1502 ecclesia

214 1515 367 1548 Laudans
391 1517 510 1549 Christi
539 1519 755 1562 clementiam,

212 1564 340 1597 Evurtii
367 1566 535 1598 sollemnia

214 1612 307 1646 Colat
330 1623 427 1654 agens
454 1615 636 1649 melodiam.

174 1734 182 1742 .
209 1708 331 1741 Urbem
357 1710 535 1743 Romanam
562 1714 672 1745 exiens

208 1757 360 1791 Directus
386 1763 434 1791 est
460 1761 502 1792 ad
530 1760 680 1801 Galliam,

209 1807 394 1839 Aurelianis
423 1809 553 1841 veniens

208 1855 340 1887 Praesul
367 1855 403 1888 fit
429 1857 482 1888 hic
508 1867 567 1898 per
592 1859 738 1899 gratiam.

172 1979 178 1985 .
205 1952 258 1984 Ad
285 1953 414 1986 beatum
440 1955 611 1988 Evurtium

211 2002 319 2035 Currit
344 2003 441 2036 turba
466 2005 633 2045 gentilium

206 2049 249 2082 Et
276 2051 318 2083 ad
346 2051 539 2092 baptismum
567 2058 732 2097 properat,

205 2099 252 2133 Ut
277 2100 325 2132 sic
351 2109 479 2133 errores
507 2103 645 2135 deserat.

850 1476 882 1506 4.
910 1474 1021 1505 Trium
1050 1476 1173 1507 dierum
1201 1477 1305 1516 spatio

908 1522 1058 1562 Baptizat
1084 1528 1207 1564 septem
1235 1526 1321 1557 milia

909 1571 1108 1610 Paganorum
1137 1581 1206 1604 cum
1234 1575 1351 1613 gaudio

910 1619 1038 1651 Relicta
1064 1620 1227 1654 idolatria.

870 1740 878 1748 .
908 1715 1042 1748 Praesul
1070 1715 1185 1749 fundat
1213 1718 1390 1758 basilicam,

906 1765 943 1796 In
970 1775 1032 1805 qua
1058 1775 1185 1797 manum
1216 1767 1407 1799 dominicam

906 1813 994 1844 Vidit
1021 1822 1151 1846 sanctus
1179 1815 1364 1850 ssaudelius.

904 1861 986 1893 Dum
1013 1867 1157 1894 sacraret
1185 1864 1351 1897 Evurtius.

869 1985 876 1992 .
906 1958 1019 1991 Globis
1047 1961 1130 2000 ignis
1158 1959 1347 1995 furentibus,

905 2008 1036 2040 Cunctis
1064 2009 1169 2040 adhuc
1195 2009 1407 2043 currentibm

904 2056 1004 2095 Opem
1031 2057 1145 2097 plenus
1174 2058 1346 2089 virtutibus

904 2105 986 2137 Urbi
1014 2105 1103 2137 dedit
1131 2110 1160 2137 et
1189 2106 1322 2139 civibus

519 2200 549 2233 7.
577 2200 665 2241 Ergo
691 2200 760 2233 Deo
786 2201 829 2232 sit
855 2202 967 2243 gloria,

571 2249 670 2288 Quem
698 2259 876 2289 precemur,
906 2254 941 2282 ut
969 2251 1059 2283 venia

571 2297 673 2329 Nobis
702 2298 778 2330 data
804 2299 835 2330 in
863 2299 970 2339 patria

573 2347 715 2378 Aeterna
744 2347 842 2379 donet
867 2348 1022 2388 praemia.

216 2439 299 2468 offic.
322 2449 377 2468 ms.
399 2440 427 2468 S.
453 2441 573 2469 Evurtii
595 2442 751 2470 Aurelian.
773 2451 850 2471 saec.
875 2442 918 2471 15.
942 2443 1012 2472 Cod.
1034 2445 1171 2472 Vatican.
1193 2447 1265 2483 Reg.
1287 2445 1352 2475 623.
