1653 2656
680 163 722 167 —
775 143 842 177 190
893 160 937 165 —

356 243 410 277 10.
438 242 516 275 Cum
542 242 624 281 petit
650 241 742 274 belva
768 239 920 271 effrenata
946 241 1042 277 caput

437 289 580 328 Sacrum,
607 289 753 321 Herodes
779 287 925 328 periurus
954 285 1084 325 insanit,

439 337 503 370 Sed
529 346 618 368 amor
643 337 741 368 vincit
767 335 909 367 lubricus
938 332 1098 365 Herodem

497 384 641 425 Namque
668 385 857 416 dementem.

362 471 416 504 11.
442 471 555 503 Prodit
581 470 693 510 libido,
720 475 839 500 temere
865 477 933 499 cum
960 468 1042 498 iurat

439 518 493 559 Et,
520 518 605 558 quod
630 518 758 558 iuravit,
784 523 1015 556 perperamque
1041 513 1129 545 iubet

439 566 582 607 Impleri‚
611 574 707 606 grave
733 566 848 603 scelus,
877 564 948 601 heu,
977 563 1093 604 migrat

496 614 582 645 Ense
608 617 768 644 cruentus.

360 701 416 733 12.
442 699 525 737 Tibi,
555 708 610 730 rex
638 699 776 739 Christe,
804 699 900 729 decus
927 702 957 728 et
983 700 1135 736 potestas⁷

440 747 550 779 Honor
576 752 607 777 et
635 747 735 778 virtus
762 747 866 785 sitque
892 745 991 785 patri,
1020 753 1090 775 cum
1116 751 1177 783 quo

440 795 573 835 Semper
598 799 630 825 et
656 798 766 826 sancto
792 793 919 824 flamine
948 801 1006 832 per
1032 796 1146 823 cuncta

497 842 630 874 Saecula
657 851 803 881 regnans

236 930 319 955 Cant.
348 937 399 954 ms·
423 928 606 954 Franciscan.
629 935 703 953 saec.
730 925 771 952 15.
793 926 862 953 God.
884 926 1029 952 Marcian.
1052 925 1087 951 1t.
1112 925 1154 952 IX
1178 923 1241 951 145.
1263 937 1297 941 —
1321 921 1347 954 6,
1369 920 1387 948 2
1408 930 1470 948 sae-

162 968 215 993 vis.
236 981 271 984 ——-
295 967 346 1000 „In
371 967 487 992 nomine
509 966 629 993 Domini
654 966 721 992 Iesu
742 964 851 991 Christi
874 965 974 990 Amen.
1000 964 1110 999 Incipit
1133 963 1208 990 alius
1230 971 1325 989 novus
1347 961 1472 995 hymnus

162 1006 197 1031 :nl
226 1005 363 1031 honorem
390 1004 593 1030 decollationis
623 1004 700 1030 beati
727 1003 868 1029 Iohannis
898 1003 1046 1036 Baptistae
1073 1003 1104 1028 in
1136 1001 1236 1028 eodem
1265 1003 1355 1027 metro
1385 1003 1413 1026 et
1435 999 1472 1025 ab

162 1043 260 1070 endem
281 1043 369 1069 fratre
389 1043 577 1077 compositus.
600 1041 638 1068 Et
659 1042 774 1067 canitur
796 1042 825 1067 iu
847 1044 915 1066 tono
938 1043 1054 1067 Aures
1083 1039 1126 1066 ad
1154 1043 1315 1067 nostras.

500 1211 565 1241 322.
607 1211 639 1241 ln
663 1209 872 1240 Decollatione
894 1220 916 1240 s.
940 1208 1086 1240 Iohannis
1108 1209 1138 1239 B.

656 1280 706 1307 Ad
735 1280 973 1315 NocJturnum.

388 1378 419 1411 1.
446 1377 471 1409 O
497 1385 618 1417 gemma
644 1377 759 1413 nitens,
786 1377 868 1407 rosei
896 1376 1044 1407 candoris

446 1425 526 1464 Lux,
554 1425 598 1455 sie
624 1423 769 1455 foedavit
794 1424 899 1454 rabies
926 1423 1074 1464 Herodis,

446 1472 487 1505 Ut
515 1472 628 1503 molem
652 1473 735 1503 sacri
762 1472 904 1510 corporis
930 1472 1059 1502 invadat

504 1520 628 1552 Praedo
656 1519 806 1552 crudelis,

394 1607 426 1639 2.
454 1607 616 1638 Hactenus
640 1604 748 1636 furens
775 1605 929 1636 lactantes
953 1604 1063 1636 infecit

452 1654 544 1685 Alter
569 1653 725 1694 Herodes,
754 1653 868 1692 impius
895 1656 925 1684 et
949 1653 1031 1684 alter

453 1701 545 1732 Nunc
570 1709 695 1732 sacrum
721 1699 826 1732 fundit
851 1701 1035 1740 sanguinem
1061 1700 1165 1732 fidelis

508 1749 627 1781 Christi
655 1749 831 1788 praeconis

394 1836 426 1870 3.
452 1835 535 1873 Quid
560 1843 705 1876 namque,
732 1843 865 1874 nequam
890 1835 998 1872 iudex,
1031 1835 1126 1867 immo
1154 1844 1241 1874 reus,

452 1883 610 1923 Properas
637 1891 767 1923 regnum
795 1881 975 1914 temerare?
1002 1883 1155 1923 numquid

451 1930 550 1962 Foret
575 1931 691 1970 pudori
717 1929 888 1969 profanare
913 1931 1076 1970 templum,

509 1979 630 2011 Censor
654 1977 792 2010 infelix?

395 2067 427 2099 4.
454 2064 562 2097 Plebis
588 2065 721 2100 occisor,
747 2064 826 2096 ultio
852 2065 1002 2106 reposcit,

452 2113 569 2153 Arguit
593 2122 699 2153 causa,
725 2112 853 2144 vincula
877 2116 909 2144 te
934 2116 1073 2153 manent,

454 2162 572 2194 Career
597 2165 737 2200 accusat,
765 2170 859 2192 cruor
883 2164 1057 2192 attestatur

513 2208 612 2240 Sacer
637 2208 765 2241 effusus.

398 2297 429 2329 5.
457 2295 626 2335 Improbus
653 2294 742 2327 furor
767 2299 799 2327 et
825 2294 951 2327 funesta
976 2295 1044 2327 lues

454 2344 576 2375 Vinclis
600 2343 746 2385 alligant,
772 2344 825 2384 qui
851 2343 950 2384 ligata
975 2343 1090 2384 solvit;

454 2391 588 2423 Flebilis
614 2400 714 2432 error,
742 2392 814 2431 heu,
841 2401 935 2432 quam
962 2391 1072 2424 dolose

511 2440 637 2472 Patitur
662 2440 788 2472 insons!
