1653 2656
697 152 958 187 —242—

446 253 477 284 3.
505 250 655 282 Floribus
682 249 782 290 fuiget
808 252 958 281 coronata
983 249 1083 290 virgo,

501 298 635 331 Obviam
661 306 797 338 pergens
823 306 940 337 sponso
965 300 1060 337 atque
1085 305 1223 336 sponsae

500 347 611 379 Oleum
638 355 744 378 secum
770 348 802 376 et
827 354 903 377 vasa
928 345 1071 385 portavit

567 395 655 426 Haec
681 403 771 426 sacra
797 393 896 433 virgo.

447 482 478 513 4.
506 481 656 520 Cognitus
683 479 742 511 fuit
763 488 856 511 sexus
883 479 914 510 in
942 479 1079 511 lavando

503 529 641 568 Virginis
667 528 770 567 huiuS,
798 527 944 559 Marinae
971 527 1095 566 beatae,

502 576 628 607 Meritis
655 577 743 607 cuius
770 575 893 607 veniam
921 583 1092 614 precamur

568 624 708 657 Caelitus
734 624 872 657 missam.

444 713 473 742 5.
504 711 668 750 Virginurn
695 719 796 749 sacra,
825 709 982 750 virginum
1008 708 1103 740 beata

502 759 610 797 Virgo,
637 768 728 798 quam
756 758 865 789 laudat
892 757 1006 789 chorus
1032 757 1227 796 angelorum,

502 806 666 837 Laudibus
694 805 828 846 fulgens,
855 806 977 836 meritis
1002 805 1034 836 in
1061 805 1158 836 caelis

571 855 631 885 Pro
657 854 748 885 nobis
774 863 840 887 ora.

446 941 477 973 6.
503 940 629 970 Mariua
656 940 755 979 virgo,
783 939 919 970 Domino
945 939 1087 979 assistas,

504 987 598 1019 Clero
623 987 741 1019 astanti
768 988 891 1018 veniam
919 987 1086 1026 deposcas,

506 1035 618 1073 Populi
645 1035 737 1065 huius
765 1035 903 1065 dimissis
929 1034 1068 1073 peccatis

572 1082 726 1114 Precibus
751 1082 824 1115 tuis.

451 1168 481 1199 7.
509 1167 619 1199 Gloria
645 1169 740 1206 patri,
765 1167 830 1198 filio
855 1168 1045 1206 triumphus,

504 1215 615 1246 Honor
640 1216 769 1246 assistat
795 1215 922 1254 spiritui
948 1219 1068 1253 sancto,

505 1262 620 1294 Tribus
644 1263 800 1301 personis,
829 1263 940 1294 deitati
966 1263 1019 1293 uni

571 1311 718 1342 Canimus
744 1311 881 1341 laudem.

250 1396 334 1421 Brev.
361 1403 411 1420 ms.
441 1394 619 1420 civitatense
647 1404 720 1420 saec.
753 1394 795 1421 15.
825 1395 894 1421 (jod.
924 1394 1059 1429 Arc-hiep.
1083 1395 1203 1421 Utinen.
1226 1395 1289 1421 Oct.
1319 1393 1363 1422 10.
1392 1395 1428 1422 A.
1452 1410 1486 1414 —

176 1435 261 1478 l}rev.
276 1442 334 1497 Kis.
358 1434 536 1459 civitatense
557 1434 625 1458 anni
650 1431 729 1459 1467.
752 1433 821 1459 Cod.
843 1434 999 1459 Civitatem.
1022 1434 1146 1460 LXXIV
1167 1431 1226 1465 (⁴23)
1246 1434 1280 1460 B.
1296 1449 1332 1451 —
1352 1433 1374 1460 l.
1395 1432 1407 1460 l
1425 1435 1488 1460 Ma-

174 1480 254 1498 rinae
304 1492 309 1496 .

610 1602 678 1632 405.
720 1603 761 1632 De
783 1604 891 1632 sancta
912 1602 1046 1633 Martha.

674 1673 713 1698 Iu
744 1670 766 1698 1,
795 1673 981 1707 Vesperis.

181 1758 211 1790 1.
234 1757 381 1789 Exsultet
405 1758 476 1788 aula
503 1758 619 1789 caelica
859 1761 890 1791 4.
918 1759 1120 1791 Exstinctum
1147 1769 1239 1792 amne
1265 1761 1411 1799 suscitat,

237 1806 275 1837 In
301 1805 360 1836 hac
387 1805 437 1836 die
463 1805 605 1844 miritica,
918 1807 1001 1838 Dum
1033 1807 1129 1838 fidem
1156 1808 1279 1840 Christi
1309 1809 1489 1849 praedicat,

238 1855 273 1885 ln
299 1862 360 1892 qua
386 1861 441 1883 rex
469 1853 613 1885 Christus
639 1853 779 1884 inclitam
919 1855 1094 1886 Avenionis
1121 1857 1227 1895 patria

239 1901 400 1932 Martham
427 1905 557 1932 coronat
585 1901 752 1940 hospitam.
921 1902 1030 1933 Fessat
1058 1903 1097 1934 ab
1124 1904 1287 1935 idolatria.

182 1988 212 2019 2.
240 1987 330 2018 Haec
355 1990 401 2017 est
429 1986 547 2018 Christi
573 1985 740 2027 loquifera,
862 1990 893 2021 5.
920 1989 1049 2020 Martha
1075 1998 1172 2028 prece
1199 1991 1339 2023 sollicita

240 2034 403 2067 Obstetrix
430 2038 460 2064 et
487 2034 643 2073 dapifera,
921 2036 1036 2068 Somno
1061 2041 1226 2077 torpentes
1253 2039 1369 2080 exeita,

240 2083 336 2115 Cuius
363 2086 472 2113 sancta
497 2082 609 2121 petitio
923 2084 971 2115 Ne
996 2084 1075 2116 hora
1100 2095 1158 2117 nos
1184 2087 1349 2128 anticipet,

240 2129 295 2161 Fit
321 2129 430 2161 fratris
457 2131 659 2162 resurrectio.
922 2132 989 2170 Quo
1015 2142 1150 2172 sponsus
1177 2134 1324 2167 Christus
1351 2137 1468 2173 veniet.

180 2218 211 2250 3.
240 2216 386 2256 Dumque
411 2216 582 2248 Tarascam
608 2217 747 2257 perimit,
863 2219 896 2251 6.
923 2218 1007 2250 Laus
1033 2219 1074 2250 sit
1101 2225 1232 2253 aeterno
1257 2222 1338 2255 solio

242 2264 270 2296 A
295 2269 385 2304 peste
411 2268 529 2295 terram
556 2264 675 2301 eximit,
923 2267 1083 2300 Paraclito
1109 2278 1180 2300 oum
1205 2269 1284 2311 filio,

240 2313 282 2344 Et
307 2312 497 2344 Tarasconis
523 2313 655 2352 praedia
924 2315 983 2353 Qui
1009 2315 1146 2348 Mariam
1171 2318 1332 2358 glorificat

242 2360 391 2392 Gaudent
416 2361 483 2392 eius
509 2361 699 2400 praesentia.
921 2362 1146 2405 Marthamque
1172 2366 1348 2402 beatificat.

256 2448 340 2474 Brev.
364 2447 525 2474 Grassewe
546 2448 615 2482 imp.
637 2447 774 2483 Lugduni
798 2445 880 2475 1528.
