1653 2656
734 132 993 167 —200—

653 281 718 312 337.
759 282 802 313 De
823 284 930 313 sancto
950 281 1070 323 loseph.

725 357 773 384 Ad
801 358 922 393 Vespe
933 367 1003 385 ras.

472 448 502 479 1.
530 447 572 480 Ut
599 449 782 481 collaudare
807 454 917 490 gentes
944 452 1131 482 catervatim

529 496 652 534 Queant
679 499 818 536 supremi
845 498 962 539 Ioseph
987 500 1134 539 generosi

529 543 630 575 Miras
658 545 792 576 virtutes
817 546 1032 588 patriarchae,
1063 547 1160 588 Deus,

594 592 726 632 Largire
753 598 836 627 vota.

474 678 506 709 2.
534 678 632 716 Quem
660 679 699 710 de
726 681 826 719 regali
852 681 953 721 stirpe
979 687 1180 720 procreatum

528 726 789 758 Praedestinavit
814 732 907 768 pater
932 729 1115 770 aeternalis,

527 773 570 805 Ut
595 777 703 805 tantae
729 775 840 815 stirpis
866 777 976 808 unicus
1003 777 1118 817 virgini

592 821 859 861 Desponsaretnr.

469 909 500 938 ὅ.
528 906 609 938 Dum
637 909 837 947 cognovisset
864 919 1013 951 sponsam
1040 912 1237 952 concepisse,

525 955 745 996 Stupescebat‚
775 966 843 988 cum
870 958 955 989 unde
981 959 1154 998 nesciebat,

526 1002 685 1042 Virginem
713 1009 832 1036 castam
859 1006 944 1037 nolle
971 1007 1141 1038 traducere

588 1050 677 1082 Tunc
704 1052 874 1091 cogitabat.

466 1135 498 1164 4.
527 1134 567 1165 Et
594 1134 793 1168 confortatur
818 1138 931 1177 angelo
958 1138 1099 1170 dicente:

526 1181 599 1212 Noli
626 1183 747 1221 timere,
775 1185 902 1225 Ioseph,
929 1185 974 1217 fili
1000 1187 1117 1218 David.

523 1229 639 1260 Natum
667 1231 698 1261 in
725 1240 762 1262 ea
789 1232 915 1264 beatum
942 1233 1040 1265 efficit

587 1277 726 1317 Spiritus
753 1284 891 1312 sanctus.

463 1364 494 1393 5.
522 1362 605 1393 Hinc
630 1363 746 1403 Ioseph
773 1365 875 1396 laetus
903 1367 1067 1407 coniugem
1093 1369 1217 1409 accepit

518 1409 559 1440 Et
589 1409 762 1442 famulatur
786 1413 938 1445 intactam
964 1423 1175 1454 praeservans

518 1458 568 1488 Ac
594 1467 699 1489 euram
727 1462 825 1498 gessit
851 1461 1062 1502 praebuitque
1086 1464 1188 1496 victus

584 1505 782 1539 Necessaria.

460 1592 492 1622 6.
521 1590 597 1622 Cum
621 1592 708 1623 iuxta
735 1594 817 1633 regis
843 1596 981 1635 Augusti
1005 1596 1145 1628 edictum

519 1638 764 1671 Describeretur
790 1642 957 1674 universus
983 1643 1080 1683 orbis,

518 1685 660 1726 Sponsae
687 1690 892 1729 praegnantis
919 1691 1044 1731 impleti
1069 1698 1142 1724 sunt
1170 1695 1248 1735 dies,

586 1734 673 1766 Parit
702 1735 899 1770 Bethlehem.

457 1820 486 1851 7.
514 1820 629 1860 loseph
655 1822 804 1853 conatum
830 1827 878 1854 est
903 1833 940 1855 ex
967 1825 1026 1856 hoc
1053 1827 1169 1866 regalis

515 1867 695 1900 sacerdotii
721 1871 789 1901 veri
815 1871 1020 1913 signaculum,

515 1915 592 1948 Cum
618 1917 650 1948 in
676 1926 852 1958 praesaepe
875 1924 1017 1952 tractans
1043 1926 1074 1953 et
1099 1923 1238 1956 adorans

578 1965 683 1996 Iesum
709 1965 834 1998 obtulit.

454 2048 485 2080 8.
513 2048 624 2081 Gloria
648 2051 744 2091 patri,
771 2061 892 2084 summo
919 2054 1069 2097 genitori,

514 2097 625 2129 Gloria
650 2102 736 2137 nato,
764 2099 817 2138 pio
842 2100 1052 2144 redemptori,

512 2144 651 2177 Flamini
677 2150 798 2184 sancto,
825 2149 921 2180 nexui
945 2151 1059 2191 utrius,

575 2193 687 2225 Honor
711 2195 864 2235 aequalis,

263 2277 366 2304 Dium.
399 2287 449 2304 ms.
481 2281 510 2304 et
539 2278 636 2314 hymn.
669 2280 850 2307 Benedictin.
883 2282 996 2310 Suecic.
1027 2294 1103 2313 saec.
1136 2286 1178 2314 15.
1208 2288 1277 2316 Cod.
1307 2290 1449 2327 Upsaleu.
1479 2295 1502 2321 C

182 2312 248 2341 477.
270 2317 301 2342 Α.
333 2331 364 2334 -
394 2316 474 2343 Brev.
497 2317 625 2353 Rigense
651 2319 722 2354 imp.
749 2328 771 2345 s·
798 2319 817 2346 l.
846 2318 927 2348 1513.
957 2323 989 2349 Β.
1011 2338 1047 2342 -
1077 2323 1103 2355 2,
1125 2324 1143 2352 3
1165 2327 1266 2363 stirpis
1287 2330 1386 2356 unitas
1410 2332 1443 2358 A.
1465 2346 1501 2350 —

181 2351 211 2384 3,
235 2351 246 2379 l
270 2355 342 2381 Cum
364 2355 396 2381 B.
411 2369 447 2373 —
468 2354 495 2387 ὃ,
522 2354 535 2382 l
557 2357 635 2383 Hinc
656 2357 751 2384 laetus
765 2357 878 2394 Joseph
892 2360 926 2387 B.
941 2375 974 2380 —
991 2361 1017 2393 6,
1040 2363 1058 2389 3
1073 2364 1211 2400 impletae
1226 2367 1260 2393 A.
1275 2382 1312 2385 —
1327 2369 1386 2395 Fur
1399 2369 1502 2398 diesen

186 2392 244 2419 und
265 2392 311 2419 die
335 2394 406 2420 zwei
428 2393 583 2429 folgenden
597 2395 736 2430 Hymnen
757 2396 814 2432 vgl.
835 2397 874 2424 Η.
895 2406 923 2425 v.
944 2401 1110 2438 Bruiningk
1132 2404 1164 2431 in
1178 2405 1296 2433 Mitteil.
1320 2416 1373 2434 aus
1395 2409 1423 2436 d.
1445 2409 1501 2436 liv-

182 2430 259 2457 land.
281 2431 463 2459 Geschichte.
507 2433 586 2466 XIX,
608 2434 637 2461 S.
659 2432 715 2462 239
739 2434 766 2462 ff.
