1653 2656
726 140 988 175 —215—

454 236 486 268 6.
514 235 563 268 Sit
589 236 676 269 Deus
703 238 784 269 caeli
811 238 957 270 residens
982 239 1014 270 in
1042 247 1126 276 arce,

515 285 632 317 Trinus
659 290 690 317 et.
715 287 852 327 simplex
879 287 1067 319 benedictus
1093 287 1159 326 ille,

515 333 574 372 Qui
603 338 716 374 potens
742 338 843 366 totum
869 335 978 367 stabili
1006 335 1162 376 gubernat

661 383 782 415 Ordine
807 384 970 415 mundum.

265 484 387 520 Antiph.
418 493 472 512 ms.
494 488 523 513 s.
546 486 730 514 Katharinae
751 488 933 515 Divoduren.
956 497 1030 516 saec.
1057 488 1100 517 14.
1123 490 1193 516 Pod.
1218 490 1350 516 Vatican.
1374 499 1395 514 s.
1420 499 1446 515 n.
1468 488 1517 515 tol.

189 520 243 549 122
266 523 332 555 bis).
351 523 417 550 add.
439 531 515 550 saec.
539 523 583 552 15.
605 539 643 543 -—
663 524 690 557 4,
711 524 730 553 3
751 529 853 562 tropeo
875 527 1007 562 pudicos.

577 724 646 756 360.
689 725 730 756 De
753 734 776 756 s.
800 726 981 757 Katharina
1003 726 1141 758 Senensi.

700 816 749 843 Ad
778 817 1013 844 Matutinum.

462 922 490 954 1.
521 923 620 965 Virgo
647 924 840 963 prudentum
868 925 1018 956 comitata
1045 928 1169 956 coetum

518 971 652 1004 Obviam
679 981 798 1012 sponso
825 973 955 1004 veniens
984 980 1098 1012 parata

519 1020 632 1051 Noctis
659 1020 840 1052 horrendas
866 1021 986 1060 repulit
1012 1021 1161 1052 tenebras

663 1068 829 1108 Lampade
855 1078 947 1108 pura.

458 1175 488 1206 2.
518 1173 570 1205 Illi
597 1172 773 1213 fulgentem
799 1173 911 1204 nitidis
937 1173 1059 1212 lapillis

517 1221 680 1253 Annulum
709 1222 782 1253 miri
810 1221 923 1253 tribuit
950 1221 1077 1252 decoris

522 1270 643 1310 Virgini
671 1270 800 1301 dicens:
830 1270 889 1300 tibi
915 1269 1008 1301 trado
1036 1269 1138 1300 sancti

664 1319 782 1357 Pignus
808 1319 937 1350 amoris.

460 1427 490 1458 3.
519 1425 599 1457 Inde
626 1425 684 1456 sub
712 1425 820 1456 multis
847 1424 963 1455 meruit
989 1423 1099 1463 figuris

520 1473 654 1513 Saepius
682 1473 803 1504 vultum
831 1473 958 1504 Domini
987 1472 1109 1512 videre,

520 1523 586 1554 Iam
614 1522 676 1553 sibi
704 1522 787 1553 vitae
815 1522 892 1553 dare
921 1520 1102 1560 pollicentis

662 1570 789 1602 Gaudia
814 1579 899 1600 vera.

459 1680 490 1712 4.
518 1678 609 1710 Mota
637 1675 811 1717 fragrantis
837 1676 967 1707 stimulo
994 1675 1110 1707 caloris

518 1727 637 1759 Mentis
664 1735 798 1757 excessu
825 1725 951 1765 rapitur
975 1723 1145 1764 frequenti,

519 1775 601 1807 Fixa
628 1775 702 1807 dum
730 1775 831 1806 sacris
858 1778 944 1805 tenet
972 1774 1027 1804 ille
1053 1772 1204 1804 membris

665 1824 805 1855 Vulnera
832 1823 962 1856 Christi.

458 1934 489 1964 5.
518 1931 601 1963 Nam
628 1931 700 1970 piae
723 1930 836 1962 mortis
863 1939 984 1961 memor
1010 1933 1039 1960 et
1068 1928 1191 1960 cruoris

517 1980 656 2013 Pertulit
682 1979 772 2011 dirae
798 1979 994 2011 monimenta
1021 1986 1152 2019 poenae,

516 2030 603 2069 Quae
629 2028 691 2060 sibi
718 2028 874 2068 pulchrae
900 2026 961 2058 fuit
988 2030 1019 2057 et
1046 2025 1196 2065 perennis

663 2078 768 2110 Causa
795 2085 942 2108 coronae.

457 2186 489 2219 6.
518 2185 568 2219 Sit
593 2185 681 2218 Deus
709 2184 790 2216 caeli
817 2183 964 2215 residens
990 2182 1023 2213 in
1050 2190 1136 2221 arce,

517 2234 635 2266 Trinus
659 2238 692 2264 et
717 2232 855 2272 simplex
883 2231 1071 2262 benedictus
1097 2230 1163 2269 ille,

517 2283 578 2322 Qui
605 2285 720 2322 potens
748 2285 847 2312 totum
875 2279 984 2311 stabili
1011 2278 1170 2319 gubernat

661 2330 783 2363 Ordine
809 2329 972 2362 mundum.

185 2478 224 2508 22
246 2439 384 2514 ῦᾼιῖῐὶρὴ.
405 2447 459 2466 ms.
482 2438 512 2466 S.
534 2437 719 2465 Katharinae
742 2436 925 2464 Divoduren.
953 2443 1029 2462 saec.
1054 2433 1098 2461 14.
1121 2433 1191 2461 eod.
1214 2433 1351 2460 Vatican.
1380 2442 1402 2460 s*
1425 2442 1453 2460 n.
1474 2432 1525 2463 (01.

267 2488 293 2506 is
307 2499 312 2505 .
