<?xml version="1.0" encoding="UTF-8"?>
<!DOCTYPE html PUBLIC "-//W3C//DTD XHTML 1.0 Transitional//EN"
    "http://www.w3.org/TR/xhtml1/DTD/xhtml1-transitional.dtd">
<html xmlns="http://www.w3.org/1999/xhtml" xml:lang="en" lang="en">
 <head>
  <title>
</title>
<meta http-equiv="Content-Type" content="text/html;charset=utf-8" />
  <meta name='ocr-system' content='tesseract 3.04.00' />
  <meta name='ocr-capabilities' content='ocr_page ocr_carea ocr_par ocr_line ocrx_word'/>
</head>
<body>
  <div class='ocr_page' id='page_1' title='image "./analectahymnica43drevuoft/analectahymnica43drevuoft_0215.png"; bbox 0 0 1653 2656; ppageno 0'>
   <div class='ocr_carea' id='block_1_1' title="bbox 718 139 979 174">
    <p class='ocr_par' dir='ltr' id='par_1_1' title="bbox 718 139 979 174">
     <span class='ocr_line' id='line_1_1' title="bbox 718 139 979 174; baseline -0.004 0"><span class='ocrx_word' id='word_1_1' title='bbox 718 139 979 174; x_wconf 84' lang='lat'>—212—</span> 
     </span>
    </p>
   </div>
   <div class='ocr_carea' id='block_1_2' title="bbox 606 297 1095 332">
    <p class='ocr_par' dir='ltr' id='par_1_2' title="bbox 606 297 1095 332">
     <span class='ocr_line' id='line_1_2' title="bbox 606 297 1095 332; baseline -0.006 -1"><span class='ocrx_word' id='word_1_2' title='bbox 606 300 672 332; x_wconf 82' lang='lat'>355.</span> <span class='ocrx_word' id='word_1_3' title='bbox 714 300 755 331; x_wconf 80' lang='lat' dir='ltr'>De</span> <span class='ocrx_word' id='word_1_4' title='bbox 776 300 885 330; x_wconf 79' lang='lat' dir='ltr'>sancta</span> <span class='ocrx_word' id='word_1_5' title='bbox 907 297 1095 329; x_wconf 76' lang='lat' dir='ltr'>Katharina.</span> 
     </span>
    </p>
   </div>
   <div class='ocr_carea' id='block_1_3' title="bbox 197 386 1361 429">
    <p class='ocr_par' dir='ltr' id='par_1_3' title="bbox 197 386 1361 429">
     <span class='ocr_line' id='line_1_3' title="bbox 197 386 1361 429; baseline -0.009 -1"><span class='ocrx_word' id='word_1_6' title='bbox 197 397 228 429; x_wconf 90' lang='lat'>1.</span> <span class='ocrx_word' id='word_1_7' title='bbox 257 392 370 428; x_wconf 88' lang='lat' dir='ltr'>Cantet</span> <span class='ocrx_word' id='word_1_8' title='bbox 396 393 510 424; x_wconf 87' lang='lat' dir='ltr'>chorus</span> <span class='ocrx_word' id='word_1_9' title='bbox 536 391 677 424; x_wconf 81' lang='lat' dir='ltr'>fidelium</span> <span class='ocrx_word' id='word_1_10' title='bbox 881 394 912 423; x_wconf 87' lang='lat'>5.</span> <span class='ocrx_word' id='word_1_11' title='bbox 940 386 1039 429; x_wconf 83' lang='lat' dir='ltr'>Rege,</span> <span class='ocrx_word' id='word_1_12' title='bbox 1067 387 1140 420; x_wconf 88' lang='lat' dir='ltr'>fove</span> <span class='ocrx_word' id='word_1_13' title='bbox 1165 396 1203 420; x_wconf 83' lang='lat' dir='ltr'>ac</span> <span class='ocrx_word' id='word_1_14' title='bbox 1227 390 1361 429; x_wconf 83' lang='lat' dir='ltr'>protege</span> 
     </span>
    </p>
   </div>
   <div class='ocr_carea' id='block_1_4' title="bbox 191 434 1463 1291">
    <p class='ocr_par' dir='ltr' id='par_1_4' title="bbox 252 434 1358 577">
     <span class='ocr_line' id='line_1_4' title="bbox 252 434 1358 480; baseline -0.007 -6"><span class='ocrx_word' id='word_1_15' title='bbox 252 442 380 475; x_wconf 85' lang='lat' dir='ltr'><strong>Laudes</strong></span> <span class='ocrx_word' id='word_1_16' title='bbox 406 444 550 472; x_wconf 87' lang='lat' dir='ltr'>sacratae</span> <span class='ocrx_word' id='word_1_17' title='bbox 576 439 701 480; x_wconf 82' lang='lat' dir='ltr'>virgini,</span> <span class='ocrx_word' id='word_1_18' title='bbox 939 437 1024 469; x_wconf 86' lang='lat' dir='ltr'>Tuos</span> <span class='ocrx_word' id='word_1_19' title='bbox 1051 437 1183 469; x_wconf 90' lang='lat' dir='ltr'>devotos</span> <span class='ocrx_word' id='word_1_20' title='bbox 1209 434 1358 475; x_wconf 77' lang='lat' dir='ltr'>famulos,</span> 
     </span>
     <span class='ocr_line' id='line_1_5' title="bbox 254 483 1342 528; baseline -0.007 -6"><span class='ocrx_word' id='word_1_21' title='bbox 254 490 321 522; x_wconf 90' lang='lat' dir='ltr'>Deo</span> <span class='ocrx_word' id='word_1_22' title='bbox 349 490 473 521; x_wconf 79' lang='lat' dir='ltr'>dicatae</span> <span class='ocrx_word' id='word_1_23' title='bbox 498 488 643 528; x_wconf 81' lang='lat' dir='ltr'>martyri,</span> <span class='ocrx_word' id='word_1_24' title='bbox 810 518 816 524; x_wconf 68' lang='grc'><strong>,</strong></span> <span class='ocrx_word' id='word_1_25' title='bbox 941 485 1038 525; x_wconf 88' lang='lat' dir='ltr'>Virgo</span> <span class='ocrx_word' id='word_1_26' title='bbox 1063 493 1187 523; x_wconf 80' lang='lat' dir='ltr'>serena,</span> <span class='ocrx_word' id='word_1_27' title='bbox 1213 483 1342 523; x_wconf 89' lang='lat' dir='ltr'>nobilis,</span> 
     </span>
     <span class='ocr_line' id='line_1_6' title="bbox 255 530 1315 577; baseline -0.007 -8"><span class='ocrx_word' id='word_1_28' title='bbox 255 537 362 577; x_wconf 90' lang='lat' dir='ltr'>Stirpe</span> <span class='ocrx_word' id='word_1_29' title='bbox 388 536 487 576; x_wconf 86' lang='lat' dir='ltr'>regali</span> <span class='ocrx_word' id='word_1_30' title='bbox 512 536 647 576; x_wconf 86' lang='lat' dir='ltr'>genitae.</span> <span class='ocrx_word' id='word_1_31' title='bbox 939 533 990 565; x_wconf 86' lang='lat' dir='ltr'>Ab</span> <span class='ocrx_word' id='word_1_32' title='bbox 1016 533 1154 564; x_wconf 90' lang='lat' dir='ltr'>hostium</span> <span class='ocrx_word' id='word_1_33' title='bbox 1179 530 1315 563; x_wconf 85' lang='lat' dir='ltr'>insidiis.</span> 
     </span>
    </p>

    <p class='ocr_par' dir='ltr' id='par_1_5' title="bbox 191 627 1456 817">
     <span class='ocr_line' id='line_1_7' title="bbox 191 627 1356 667; baseline -0.008 0"><span class='ocrx_word' id='word_1_34' title='bbox 191 636 222 667; x_wconf 84' lang='lat'>2.</span> <span class='ocrx_word' id='word_1_35' title='bbox 258 631 345 667; x_wconf 88' lang='lat' dir='ltr'>Aula</span> <span class='ocrx_word' id='word_1_36' title='bbox 371 633 501 664; x_wconf 88' lang='lat' dir='ltr'>resultet</span> <span class='ocrx_word' id='word_1_37' title='bbox 528 631 665 663; x_wconf 86' lang='lat' dir='ltr'>iubilans</span> <span class='ocrx_word' id='word_1_38' title='bbox 886 632 916 663; x_wconf 76' lang='grc' dir='ltr'>ὅ.</span> <span class='ocrx_word' id='word_1_39' title='bbox 945 627 1072 663; x_wconf 71' lang='lat' dir='ltr'>Invenit</span> <span class='ocrx_word' id='word_1_40' title='bbox 1097 637 1191 660; x_wconf 83' lang='lat' dir='ltr'>unam</span> <span class='ocrx_word' id='word_1_41' title='bbox 1218 627 1356 660; x_wconf 91' lang='lat' dir='ltr'>nobilem</span> 
     </span>
     <span class='ocr_line' id='line_1_8' title="bbox 260 675 1368 721; baseline -0.006 -8"><span class='ocrx_word' id='word_1_42' title='bbox 260 682 404 721; x_wconf 88' lang='lat' dir='ltr'>Superna</span> <span class='ocrx_word' id='word_1_43' title='bbox 427 684 567 712; x_wconf 80' lang='lat' dir='ltr'>sanctam</span> <span class='ocrx_word' id='word_1_44' title='bbox 595 679 768 719; x_wconf 69' lang='lat' dir='ltr'>continenS,</span> <span class='ocrx_word' id='word_1_45' title='bbox 942 677 1153 717; x_wconf 87' lang='lat' dir='ltr'>Margaritam</span> <span class='ocrx_word' id='word_1_46' title='bbox 1179 675 1368 716; x_wconf 81' lang='lat' dir='ltr'>mirabilem,</span> 
     </span>
     <span class='ocr_line' id='line_1_9' title="bbox 259 723 1370 766; baseline -0.005 -6"><span class='ocrx_word' id='word_1_47' title='bbox 259 729 375 762; x_wconf 88' lang='lat' dir='ltr'>Coetus</span> <span class='ocrx_word' id='word_1_48' title='bbox 401 736 561 760; x_wconf 85' lang='lat' dir='ltr'>sacrarum</span> <span class='ocrx_word' id='word_1_49' title='bbox 590 727 745 766; x_wconf 86' lang='lat' dir='ltr'>virginum</span> <span class='ocrx_word' id='word_1_50' title='bbox 946 726 1067 757; x_wconf 80' lang='lat' dir='ltr'>Cuncta</span> <span class='ocrx_word' id='word_1_51' title='bbox 1092 723 1370 763; x_wconf 75' lang='lat' dir='ltr'>terrena-respuit</span> 
     </span>
     <span class='ocr_line' id='line_1_10' title="bbox 260 771 1456 817; baseline -0.006 -8"><span class='ocrx_word' id='word_1_52' title='bbox 260 777 441 809; x_wconf 79' lang='lat' dir='ltr'>Candentes</span> <span class='ocrx_word' id='word_1_53' title='bbox 468 776 547 807; x_wconf 85' lang='lat' dir='ltr'>sicut</span> <span class='ocrx_word' id='word_1_54' title='bbox 574 775 695 817; x_wconf 52' lang='lat' dir='ltr'>lilium.)</span> <span class='ocrx_word' id='word_1_55' title='bbox 945 773 1015 805; x_wconf 87' lang='lat' dir='ltr'>Hoc</span> <span class='ocrx_word' id='word_1_56' title='bbox 1041 773 1141 804; x_wconf 89' lang='lat' dir='ltr'>solum</span> <span class='ocrx_word' id='word_1_57' title='bbox 1167 777 1278 804; x_wconf 85' lang='lat' dir='ltr'>tenens</span> <span class='ocrx_word' id='word_1_58' title='bbox 1303 771 1456 811; x_wconf 84' lang='lat' dir='ltr'>pretium.</span> 
     </span>
    </p>

    <p class='ocr_par' dir='ltr' id='par_1_6' title="bbox 193 865 1383 958">
     <span class='ocr_line' id='line_1_11' title="bbox 193 865 1383 913; baseline -0.006 -8"><span class='ocrx_word' id='word_1_59' title='bbox 193 876 231 905; x_wconf 81' lang='lat'>3.</span> <span class='ocrx_word' id='word_1_60' title='bbox 261 869 318 913; x_wconf 84' lang='lat' dir='ltr'>Te,</span> <span class='ocrx_word' id='word_1_61' title='bbox 344 881 362 902; x_wconf 93' lang='lat'>0</span> <span class='ocrx_word' id='word_1_62' title='bbox 389 880 525 912; x_wconf 79' lang='lat' dir='ltr'>superne</span> <span class='ocrx_word' id='word_1_63' title='bbox 552 870 708 910; x_wconf 86' lang='lat' dir='ltr'>conditor,</span> <span class='ocrx_word' id='word_1_64' title='bbox 890 869 921 901; x_wconf 89' lang='lat'>7.</span> <span class='ocrx_word' id='word_1_65' title='bbox 951 865 1049 902; x_wconf 88' lang='lat' dir='ltr'>Nobis</span> <span class='ocrx_word' id='word_1_66' title='bbox 1075 869 1152 899; x_wconf 87' lang='lat' dir='ltr'>assit</span> <span class='ocrx_word' id='word_1_67' title='bbox 1178 866 1383 907; x_wconf 83' lang='lat' dir='ltr'>precantibus</span> 
     </span>
     <span class='ocr_line' id='line_1_12' title="bbox 263 915 1354 958; baseline -0.005 -7"><span class='ocrx_word' id='word_1_68' title='bbox 263 919 365 951; x_wconf 88' lang='lat' dir='ltr'>Corde</span> <span class='ocrx_word' id='word_1_69' title='bbox 391 927 559 958; x_wconf 85' lang='lat' dir='ltr'>precamur</span> <span class='ocrx_word' id='word_1_70' title='bbox 585 917 731 957; x_wconf 78' lang='lat' dir='ltr'>supplici.</span> <span class='ocrx_word' id='word_1_71' title='bbox 948 916 1087 955; x_wconf 75' lang='lat' dir='ltr'>Spiritus</span> <span class='ocrx_word' id='word_1_72' title='bbox 1113 915 1215 947; x_wconf 86' lang='lat' dir='ltr'>sancti</span> <span class='ocrx_word' id='word_1_73' title='bbox 1239 915 1354 955; x_wconf 83' lang='lat' dir='ltr'>gratia,</span> 
     </span>
    </p>

    <p class='ocr_par' dir='ltr' id='par_1_7' title="bbox 262 962 1419 1053">
     <span class='ocr_line' id='line_1_13' title="bbox 262 962 1419 1003; baseline -0.006 -3"><span class='ocrx_word' id='word_1_74' title='bbox 262 968 303 1000; x_wconf 83' lang='lat' dir='ltr'>Ut</span> <span class='ocrx_word' id='word_1_75' title='bbox 331 967 499 999; x_wconf 85' lang='lat' dir='ltr'>Caterinae</span> <span class='ocrx_word' id='word_1_76' title='bbox 524 966 646 997; x_wconf 87' lang='lat' dir='ltr'>meritis</span> <span class='ocrx_word' id='word_1_77' title='bbox 948 963 1076 1003; x_wconf 78' lang='lat' dir='ltr'>Nosque</span> <span class='ocrx_word' id='word_1_78' title='bbox 1101 963 1143 994; x_wconf 85' lang='lat' dir='ltr'>ad</span> <span class='ocrx_word' id='word_1_79' title='bbox 1170 963 1275 995; x_wconf 80' lang='lat' dir='ltr'>caelos</span> <span class='ocrx_word' id='word_1_80' title='bbox 1302 962 1419 1002; x_wconf 84' lang='lat' dir='ltr'>dirigat</span> 
     </span>
     <span class='ocr_line' id='line_1_14' title="bbox 265 1011 1352 1053; baseline -0.002 -8"><span class='ocrx_word' id='word_1_81' title='bbox 265 1014 329 1046; x_wconf 71' lang='lat' dir='ltr'>Nos</span> <span class='ocrx_word' id='word_1_82' title='bbox 357 1014 436 1045; x_wconf 84' lang='lat' dir='ltr'>caeli</span> <span class='ocrx_word' id='word_1_83' title='bbox 462 1015 572 1053; x_wconf 89' lang='lat' dir='ltr'>iungas</span> <span class='ocrx_word' id='word_1_84' title='bbox 598 1013 732 1053; x_wconf 89' lang='lat' dir='ltr'>gaudiis.</span> <span class='ocrx_word' id='word_1_85' title='bbox 948 1012 1009 1043; x_wconf 86' lang='lat' dir='ltr'>Per</span> <span class='ocrx_word' id='word_1_86' title='bbox 1035 1011 1202 1044; x_wconf 82' lang='lat' dir='ltr'>Caterinae</span> <span class='ocrx_word' id='word_1_87' title='bbox 1228 1011 1352 1043; x_wconf 81' lang='lat' dir='ltr'>merita.</span> 
     </span>
    </p>

    <p class='ocr_par' dir='ltr' id='par_1_8' title="bbox 199 1105 1463 1291">
     <span class='ocr_line' id='line_1_15' title="bbox 199 1105 1455 1148; baseline -0.005 -6"><span class='ocrx_word' id='word_1_88' title='bbox 199 1112 229 1142; x_wconf 87' lang='lat'>4.</span> <span class='ocrx_word' id='word_1_89' title='bbox 266 1106 413 1148; x_wconf 82' lang='lat' dir='ltr'>Exsulta,</span> <span class='ocrx_word' id='word_1_90' title='bbox 441 1110 572 1142; x_wconf 82' lang='lat' dir='ltr'>caelum.</span> <span class='ocrx_word' id='word_1_91' title='bbox 599 1109 746 1140; x_wconf 86' lang='lat' dir='ltr'>laudibus</span> <span class='ocrx_word' id='word_1_92' title='bbox 891 1108 920 1139; x_wconf 52' lang='grc' dir='ltr'>ἓ.</span> <span class='ocrx_word' id='word_1_93' title='bbox 944 1105 1131 1140; x_wconf 76' lang='lat' dir='ltr'>Ascendant</span> <span class='ocrx_word' id='word_1_94' title='bbox 1157 1115 1250 1138; x_wconf 89' lang='lat' dir='ltr'>voces</span> <span class='ocrx_word' id='word_1_95' title='bbox 1275 1106 1455 1146; x_wconf 89' lang='lat' dir='ltr'>supplicum</span> 
     </span>
     <span class='ocr_line' id='line_1_16' title="bbox 266 1153 1463 1196; baseline -0.003 -8"><span class='ocrx_word' id='word_1_96' title='bbox 266 1157 342 1189; x_wconf 88' lang='lat' dir='ltr'>Cum</span> <span class='ocrx_word' id='word_1_97' title='bbox 370 1154 549 1188; x_wconf 82' lang='lat' dir='ltr'>san‘ctorum</span> <span class='ocrx_word' id='word_1_98' title='bbox 575 1156 762 1196; x_wconf 77' lang='lat' dir='ltr'>agminibus.</span> <span class='ocrx_word' id='word_1_99' title='bbox 949 1155 1000 1187; x_wconf 88' lang='lat' dir='ltr'>Ad</span> <span class='ocrx_word' id='word_1_100' title='bbox 1027 1155 1175 1187; x_wconf 88' lang='lat' dir='ltr'>thronum</span> <span class='ocrx_word' id='word_1_101' title='bbox 1202 1154 1304 1194; x_wconf 83' lang='lat' dir='ltr'>patris</span> <span class='ocrx_word' id='word_1_102' title='bbox 1329 1153 1463 1194; x_wconf 83' lang='lat' dir='ltr'>gloriae,</span> 
     </span>
     <span class='ocr_line' id='line_1_17' title="bbox 267 1201 1374 1241; baseline -0.005 -4"><span class='ocrx_word' id='word_1_103' title='bbox 267 1205 318 1237; x_wconf 88' lang='lat' dir='ltr'>Ad</span> <span class='ocrx_word' id='word_1_104' title='bbox 348 1214 400 1236; x_wconf 87' lang='lat' dir='ltr'>vos</span> <span class='ocrx_word' id='word_1_105' title='bbox 428 1204 610 1236; x_wconf 83' lang='lat' dir='ltr'>conscendit</span> <span class='ocrx_word' id='word_1_106' title='bbox 638 1204 774 1235; x_wconf 83' lang='lat' dir='ltr'>iubilans</span> <span class='ocrx_word' id='word_1_107' title='bbox 950 1203 994 1236; x_wconf 87' lang='lat' dir='ltr'>Ut</span> <span class='ocrx_word' id='word_1_108' title='bbox 1021 1210 1198 1234; x_wconf 83' lang='lat' dir='ltr'>mereamur</span> <span class='ocrx_word' id='word_1_109' title='bbox 1224 1201 1374 1241; x_wconf 83' lang='lat' dir='ltr'>consequi</span> 
     </span>
     <span class='ocr_line' id='line_1_18' title="bbox 269 1249 1405 1291; baseline -0.003 -8"><span class='ocrx_word' id='word_1_110' title='bbox 269 1252 355 1283; x_wconf 82' lang='lat' dir='ltr'>Haec</span> <span class='ocrx_word' id='word_1_111' title='bbox 382 1252 470 1291; x_wconf 69' lang='lat' dir='ltr'>virgo</span> <span class='ocrx_word' id='word_1_112' title='bbox 495 1252 719 1283; x_wconf 82' lang='lat' dir='ltr'>illustrissima,</span> <span class='ocrx_word' id='word_1_113' title='bbox 949 1252 1090 1283; x_wconf 88' lang='lat' dir='ltr'>Aeterna</span> <span class='ocrx_word' id='word_1_114' title='bbox 1117 1249 1236 1281; x_wconf 85' lang='lat' dir='ltr'>Christi</span> <span class='ocrx_word' id='word_1_115' title='bbox 1262 1257 1405 1281; x_wconf 86' lang='lat' dir='ltr'>munera.</span> 
     </span>
    </p>
   </div>
   <div class='ocr_carea' id='block_1_5' title="bbox 618 1346 1059 1387">
    <p class='ocr_par' dir='ltr' id='par_1_9' title="bbox 618 1346 1059 1387">
     <span class='ocr_line' id='line_1_19' title="bbox 618 1346 1059 1387; baseline -0.005 -9"><span class='ocrx_word' id='word_1_116' title='bbox 618 1350 649 1379; x_wconf 75' lang='lat'>9.</span> <span class='ocrx_word' id='word_1_117' title='bbox 680 1346 791 1378; x_wconf 82' lang='lat' dir='ltr'>Gloria</span> <span class='ocrx_word' id='word_1_118' title='bbox 816 1346 885 1387; x_wconf 86' lang='lat' dir='ltr'>tibi,</span> <span class='ocrx_word' id='word_1_119' title='bbox 913 1346 1059 1377; x_wconf 91' lang='lat' dir='ltr'>Domine.</span> 
     </span>
    </p>
   </div>
   <div class='ocr_carea' id='block_1_6' title="bbox 208 1435 1521 1506">
    <p class='ocr_par' dir='ltr' id='par_1_10' title="bbox 208 1435 1521 1506">
     <span class='ocr_line' id='line_1_20' title="bbox 280 1435 1521 1475; baseline -0.003 -7"><span class='ocrx_word' id='word_1_120' title='bbox 280 1442 364 1468; x_wconf 85' lang='lat' dir='ltr'>Brev.</span> <span class='ocrx_word' id='word_1_121' title='bbox 393 1449 445 1467; x_wconf 86' lang='lat' dir='ltr'>ms.</span> <span class='ocrx_word' id='word_1_122' title='bbox 476 1441 669 1466; x_wconf 69' lang='lat' dir='ltr'>Cisterciense</span> <span class='ocrx_word' id='word_1_123' title='bbox 696 1441 766 1466; x_wconf 88' lang='lat' dir='ltr'>anni</span> <span class='ocrx_word' id='word_1_124' title='bbox 794 1437 872 1466; x_wconf 81' lang='lat'>1483.</span> <span class='ocrx_word' id='word_1_125' title='bbox 895 1440 965 1467; x_wconf 81' lang='lat' dir='ltr'>Cod.</span> <span class='ocrx_word' id='word_1_126' title='bbox 986 1440 1120 1466; x_wconf 83' lang='lat' dir='ltr'>Vatican.</span> <span class='ocrx_word' id='word_1_127' title='bbox 1143 1439 1273 1475; x_wconf 77' lang='lat' dir='ltr'>Cappon.</span> <span class='ocrx_word' id='word_1_128' title='bbox 1297 1436 1359 1465; x_wconf 91' lang='grc'><strong>119.</strong></span> <span class='ocrx_word' id='word_1_129' title='bbox 1380 1453 1418 1457; x_wconf 90' lang='grc'>-</span> <span class='ocrx_word' id='word_1_130' title='bbox 1439 1437 1472 1471; x_wconf 83' lang='lat'>4,</span> <span class='ocrx_word' id='word_1_131' title='bbox 1501 1435 1521 1465; x_wconf 84' lang='lat'><strong>3</strong></span> 
     </span>
     <span class='ocr_line' id='line_1_21' title="bbox 208 1476 961 1506; baseline 0.001 -2"><span class='ocrx_word' id='word_1_132' title='bbox 208 1479 378 1505; x_wconf 56' lang='lat' dir='ltr'>conscendit</span> <span class='ocrx_word' id='word_1_133' title='bbox 403 1478 489 1505; x_wconf 73' lang='lat' dir='ltr'>hodie</span> <span class='ocrx_word' id='word_1_134' title='bbox 515 1479 650 1505; x_wconf 64' lang='lat' dir='ltr'>iubilans.</span> <span class='ocrx_word' id='word_1_135' title='bbox 672 1492 707 1496; x_wconf 84' lang='lat'>·—</span> <span class='ocrx_word' id='word_1_136' title='bbox 730 1477 755 1504; x_wconf 78' lang='grc'>7.</span> <span class='ocrx_word' id='word_1_137' title='bbox 776 1476 794 1505; x_wconf 83' lang='grc'><strong>3</strong></span> <span class='ocrx_word' id='word_1_138' title='bbox 817 1486 833 1504; x_wconf 85' lang='lat' dir='ltr'>a</span> <span class='ocrx_word' id='word_1_139' title='bbox 856 1479 961 1506; x_wconf 79' lang='lat' dir='ltr'>caelos.</span> 
     </span>
    </p>
   </div>
   <div class='ocr_carea' id='block_1_7' title="bbox 610 1656 1100 1687">
    <p class='ocr_par' dir='ltr' id='par_1_11' title="bbox 610 1656 1100 1687">
     <span class='ocr_line' id='line_1_22' title="bbox 610 1656 1100 1687; baseline 0.002 -1"><span class='ocrx_word' id='word_1_140' title='bbox 610 1657 675 1686; x_wconf 82' lang='lat'><strong>356.</strong></span> <span class='ocrx_word' id='word_1_141' title='bbox 718 1656 758 1686; x_wconf 89' lang='lat' dir='ltr'>De</span> <span class='ocrx_word' id='word_1_142' title='bbox 780 1659 889 1687; x_wconf 81' lang='lat' dir='ltr'>sancta</span> <span class='ocrx_word' id='word_1_143' title='bbox 911 1656 1100 1687; x_wconf 77' lang='lat' dir='ltr'>Katharina.</span> 
     </span>
    </p>
   </div>
   <div class='ocr_carea' id='block_1_8' title="bbox 722 1725 995 1761">
    <p class='ocr_par' dir='ltr' id='par_1_12' title="bbox 722 1725 995 1761">
     <span class='ocr_line' id='line_1_23' title="bbox 722 1725 995 1761; baseline 0 -9"><span class='ocrx_word' id='word_1_144' title='bbox 722 1725 772 1752; x_wconf 84' lang='lat' dir='ltr'>Ad</span> <span class='ocrx_word' id='word_1_145' title='bbox 800 1726 995 1761; x_wconf 68' lang='lat' dir='ltr'>vesperas,</span> 
     </span>
    </p>
   </div>
   <div class='ocr_carea' id='block_1_9' title="bbox 481 1814 1139 1991">
    <p class='ocr_par' dir='ltr' id='par_1_13' title="bbox 481 1814 1139 1952">
     <span class='ocr_line' id='line_1_24' title="bbox 481 1814 1139 1854; baseline -0.002 -7"><span class='ocrx_word' id='word_1_146' title='bbox 481 1816 511 1848; x_wconf 95' lang='lat'>1.</span> <span class='ocrx_word' id='word_1_147' title='bbox 538 1814 630 1846; x_wconf 86' lang='lat' dir='ltr'>Dona</span> <span class='ocrx_word' id='word_1_148' title='bbox 657 1814 803 1846; x_wconf 89' lang='lat' dir='ltr'>caelestis</span> <span class='ocrx_word' id='word_1_149' title='bbox 829 1815 954 1854; x_wconf 87' lang='lat' dir='ltr'>patriae</span> <span class='ocrx_word' id='word_1_150' title='bbox 980 1815 1006 1845; x_wconf 91' lang='lat' dir='ltr'>si</span> <span class='ocrx_word' id='word_1_151' title='bbox 1032 1815 1139 1846; x_wconf 89' lang='lat' dir='ltr'>iuncta</span> 
     </span>
     <span class='ocr_line' id='line_1_25' title="bbox 542 1862 1137 1904; baseline 0 -10"><span class='ocrx_word' id='word_1_152' title='bbox 542 1864 631 1894; x_wconf 89' lang='lat' dir='ltr'>Inter</span> <span class='ocrx_word' id='word_1_153' title='bbox 655 1862 805 1894; x_wconf 87' lang='lat' dir='ltr'>mortales</span> <span class='ocrx_word' id='word_1_154' title='bbox 832 1871 962 1894; x_wconf 87' lang='lat' dir='ltr'>cernere</span> <span class='ocrx_word' id='word_1_155' title='bbox 989 1863 1137 1904; x_wconf 83' lang='lat' dir='ltr'>delectat,</span> 
     </span>
     <span class='ocr_line' id='line_1_26' title="bbox 542 1909 1124 1952; baseline 0.002 -11"><span class='ocrx_word' id='word_1_156' title='bbox 542 1910 657 1942; x_wconf 87' lang='lat' dir='ltr'>Oculos</span> <span class='ocrx_word' id='word_1_157' title='bbox 683 1910 765 1947; x_wconf 86' lang='lat' dir='ltr'>leva,</span> <span class='ocrx_word' id='word_1_158' title='bbox 793 1909 852 1950; x_wconf 88' lang='lat' dir='ltr'>fige</span> <span class='ocrx_word' id='word_1_159' title='bbox 879 1919 944 1950; x_wconf 78' lang='lat' dir='ltr'>cor,</span> <span class='ocrx_word' id='word_1_160' title='bbox 971 1911 1124 1952; x_wconf 87' lang='lat' dir='ltr'>mortalis,</span> 
     </span>
    </p>

    <p class='ocr_par' dir='ltr' id='par_1_14' title="bbox 683 1958 968 1991">
     <span class='ocr_line' id='line_1_27' title="bbox 683 1958 968 1991; baseline 0.007 -2"><span class='ocrx_word' id='word_1_161' title='bbox 683 1958 719 1989; x_wconf 92' lang='lat' dir='ltr'>In</span> <span class='ocrx_word' id='word_1_162' title='bbox 747 1958 968 1991; x_wconf 85' lang='lat' dir='ltr'>Katharinam.</span> 
     </span>
    </p>
   </div>
   <div class='ocr_carea' id='block_1_10' title="bbox 484 2051 1137 2239">
    <p class='ocr_par' dir='ltr' id='par_1_15' title="bbox 484 2051 1137 2239">
     <span class='ocr_line' id='line_1_28' title="bbox 484 2051 1137 2099; baseline -0.002 -12"><span class='ocrx_word' id='word_1_163' title='bbox 484 2051 647 2099; x_wconf 62' lang='lat' dir='ltr'>2.{Fe1ix‚</span> <span class='ocrx_word' id='word_1_164' title='bbox 675 2063 724 2092; x_wconf 89' lang='lat' dir='ltr'>en,</span> <span class='ocrx_word' id='word_1_165' title='bbox 752 2055 840 2094; x_wconf 89' lang='lat' dir='ltr'>virgo</span> <span class='ocrx_word' id='word_1_166' title='bbox 866 2055 954 2095; x_wconf 85' lang='lat' dir='ltr'>regia</span> <span class='ocrx_word' id='word_1_167' title='bbox 981 2055 1021 2086; x_wconf 87' lang='lat' dir='ltr'>de</span> <span class='ocrx_word' id='word_1_168' title='bbox 1045 2055 1137 2095; x_wconf 76' lang='lat' dir='ltr'>stirp(</span> 
     </span>
     <span class='ocr_line' id='line_1_29' title="bbox 540 2102 1136 2143; baseline 0 -9"><span class='ocrx_word' id='word_1_169' title='bbox 540 2103 657 2142; x_wconf 87' lang='lat' dir='ltr'>Regias</span> <span class='ocrx_word' id='word_1_170' title='bbox 684 2102 804 2139; x_wconf 66' lang='lat' dir='ltr'>domos,</span> <span class='ocrx_word' id='word_1_171' title='bbox 830 2111 935 2142; x_wconf 86' lang='lat' dir='ltr'>regem</span> <span class='ocrx_word' id='word_1_172' title='bbox 961 2103 1136 2143; x_wconf 87' lang='lat' dir='ltr'>genitorem</span> 
     </span>
     <span class='ocr_line' id='line_1_30' title="bbox 540 2150 1067 2193; baseline 0.002 -12"><span class='ocrx_word' id='word_1_173' title='bbox 540 2150 687 2182; x_wconf 88' lang='lat' dir='ltr'>Possidet</span> <span class='ocrx_word' id='word_1_174' title='bbox 713 2159 800 2182; x_wconf 91' lang='lat' dir='ltr'>more</span> <span class='ocrx_word' id='word_1_175' title='bbox 824 2150 911 2190; x_wconf 87' lang='lat' dir='ltr'>regio</span> <span class='ocrx_word' id='word_1_176' title='bbox 937 2151 1067 2193; x_wconf 84' lang='lat' dir='ltr'>nutrita,</span> 
     </span>
     <span class='ocr_line' id='line_1_31' title="bbox 685 2198 958 2239; baseline 0.004 -9"><span class='ocrx_word' id='word_1_177' title='bbox 685 2198 764 2239; x_wconf 85' lang='lat' dir='ltr'>Regi</span> <span class='ocrx_word' id='word_1_178' title='bbox 789 2198 958 2238; x_wconf 90' lang='lat' dir='ltr'>iungenda.</span> 
     </span>
    </p>
   </div>
   <div class='ocr_carea' id='block_1_11' title="bbox 481 2295 1167 2473">
    <p class='ocr_par' dir='ltr' id='par_1_16' title="bbox 481 2295 1167 2435">
     <span class='ocr_line' id='line_1_32' title="bbox 481 2295 1136 2336; baseline 0 -8"><span class='ocrx_word' id='word_1_179' title='bbox 481 2297 512 2328; x_wconf 91' lang='lat'>3.</span> <span class='ocrx_word' id='word_1_180' title='bbox 539 2295 639 2327; x_wconf 87' lang='lat' dir='ltr'>Lacte</span> <span class='ocrx_word' id='word_1_181' title='bbox 665 2304 734 2326; x_wconf 91' lang='lat' dir='ltr'>cum</span> <span class='ocrx_word' id='word_1_182' title='bbox 760 2295 813 2335; x_wconf 90' lang='lat' dir='ltr'>pio</span> <span class='ocrx_word' id='word_1_183' title='bbox 839 2295 987 2335; x_wconf 87' lang='lat' dir='ltr'>dogmata</span> <span class='ocrx_word' id='word_1_184' title='bbox 1012 2296 1136 2336; x_wconf 88' lang='lat' dir='ltr'>piorum</span> 
     </span>
     <span class='ocr_line' id='line_1_33' title="bbox 540 2343 1135 2384; baseline 0 -8"><span class='ocrx_word' id='word_1_185' title='bbox 540 2343 647 2376; x_wconf 86' lang='lat' dir='ltr'>Avide</span> <span class='ocrx_word' id='word_1_186' title='bbox 672 2343 755 2374; x_wconf 88' lang='lat' dir='ltr'>bibit</span> <span class='ocrx_word' id='word_1_187' title='bbox 780 2351 913 2383; x_wconf 88' lang='lat' dir='ltr'>cumque</span> <span class='ocrx_word' id='word_1_188' title='bbox 937 2343 1021 2375; x_wconf 86' lang='lat' dir='ltr'>lacte</span> <span class='ocrx_word' id='word_1_189' title='bbox 1046 2348 1135 2384; x_wconf 88' lang='lat' dir='ltr'>potat</span> 
     </span>
     <span class='ocr_line' id='line_1_34' title="bbox 541 2390 1167 2435; baseline 0.005 -13"><span class='ocrx_word' id='word_1_190' title='bbox 541 2390 680 2431; x_wconf 82' lang='lat' dir='ltr'>Sophiae</span> <span class='ocrx_word' id='word_1_191' title='bbox 708 2391 829 2423; x_wconf 85' lang='lat' dir='ltr'>Christi</span> <span class='ocrx_word' id='word_1_192' title='bbox 855 2391 961 2424; x_wconf 83' lang='lat' dir='ltr'>dulcia</span> <span class='ocrx_word' id='word_1_193' title='bbox 987 2397 1167 2435; x_wconf 82' lang='lat' dir='ltr'>praecepta,</span> 
     </span>
    </p>

    <p class='ocr_par' dir='ltr' id='par_1_17' title="bbox 682 2439 1008 2473">
     <span class='ocr_line' id='line_1_35' title="bbox 682 2439 1008 2473; baseline 0.006 -2"><span class='ocrx_word' id='word_1_194' title='bbox 682 2439 776 2471; x_wconf 88' lang='lat' dir='ltr'>Mens</span> <span class='ocrx_word' id='word_1_195' title='bbox 801 2440 886 2471; x_wconf 91' lang='lat' dir='ltr'>unde</span> <span class='ocrx_word' id='word_1_196' title='bbox 912 2440 1008 2473; x_wconf 87' lang='lat' dir='ltr'>vivat.</span> 
     </span>
    </p>
   </div>
  </div>
 </body>
</html>
