1653 2656
647 141 910 178 —125—

109 221 142 255 7.
170 217 223 256 Ex
249 226 393 268 Aegypti
420 234 572 274 voragine

169 270 302 306 Transit
327 277 368 309 ad
397 282 429 310 te
455 289 526 313 cum
553 285 682 328 gaudio,

168 319 310 354 Servivit
335 325 405 369 tibi,
434 327 573 364 Domine

164 366 253 410 Iesu,
280 375 397 405 nostra
423 377 612 419 redemptio.

805 241 837 274 8.
866 239 968 276 Trino
995 245 1064 278 Deo
1091 253 1122 279 et
1148 249 1287 289 simplici

870 291 964 335 Laus,
987 293 1099 337 honor,
1128 297 1240 337 virtus,
1269 299 1380 343 gloria,

867 340 967 372 Prece
990 347 1134 381 praestet
1160 347 1330 387 multiplici

860 387 967 420 Beata
993 391 1086 423 nobis
1111 394 1246 433 yaudia.

180 449 290 485 Hymn.
313 461 366 479 mS.
389 455 418 482 S.
440 457 521 484 Petri
545 460 632 489 Mart.
655 463 775 492 Utinen.
797 476 873 494 saec.
898 467 940 495 16.
963 470 993 497 C«

999 471 1033 497 «l.
1055 472 1143 500 civit.
1168 475 1286 502 [tinen.
1309 486 1330 503 s.
1353 487 1379 504 n.
1395 493 1433 498 —

100 485 162 514 Vor
183 486 209 520 5,
233 487 246 515 l
272 491 410 524 „Divisio
433 495 469 522 ad
492 497 635 526 Laudes-‘¹
660 516 697 520 —
718 503 803 531 Me1.:

826 507 964 534 Novum
992 509 1100 537 sidus
1127 514 1289 541 emicuit.

539 631 595 662 211.
637 632 678 663 De
701 637 810 666 sancto
832 636 987 677 Emigilio.

626 693 677 720 Ad
705 693 900 731 Vesperas.

95 759 125 792 1.
147 759 306 794 Athletae
335 763 456 798 Christi
483 768 599 808 Migdii

153 807 267 841 Nostri
293 813 398 851 patris
425 816 546 857 eximii,

149 856 283 890 Festum
310 868 474 902 canamus,
503 866 591 907 socii,

150 904 274 946 clerus,
300 909 413 948 plebes
440 917 472 943 et
499 915 618 953 populi.

793 778 824 809 4.
854 776 936 808 Hine
963 779 1074 818 pulsus
1102 781 1234 814 Romam
1263 786 1367 827 petiit,

852 824 913 857 Ubi
940 830 988 858 tot
1015 829 1113 869 signis
1141 831 1268 872 claruit,

848 873 939 911 Quod
968 876 1052 908 velut
1080 878 1156 909 solis
1184 881 1284 912 radiis

849 920 967 953 Urbem
995 924 1140 964 implevit
1167 929 1305 968 gaudiis,

88 991 121 1024 2.
149 990 342 1025 Germaniae
367 997 536 1035 provincia

148 1039 253 1072 Gente
278 1047 373 1074 natus
401 1053 439 1076 ex
465 1046 579 1079 inclita

144 1088 314 1121 Doctrinis
341 1091 532 1126 liberalibus

145 1137 252 1169 Fulsit
279 1142 310 1170 et
336 1140 550 1180 spiritalibus,

786 1007 815 1036 5.
849 1006 954 1039 Divini
982 1009 1072 1041 verbi
1099 1011 1228 1046 flumine

844 1054 1018 1094 Baptizans
1045 1060 1293 1106 multitudinem,

842 1102 906 1134 Sed
933 1104 1060 1137 Tiberis
1088 1108 1120 1140 in
1148 1111 1286 1144 medium

839 1153 923 1182 Aras
951 1153 1125 1187 submersit
1154 1157 1356 1195 daemonum.

83 1223 114 1257 3.
142 1222 318 1257 Gentilium
345 1228 476 1260 vesania

141 1272 257 1304 Pulsus
285 1275 371 1306 venit
398 1276 538 1320 Italiam,

136 1320 358 1354 Mediolanum
386 1325 480 1364 petiit

136 1368 280 1402 Functus
307 1374 409 1404 sacris
436 1376 611 1414 mysteriis.

778 1237 809 1269 6.
838 1238 918 1269 Inde
944 1241 1032 1272 veuit
1060 1243 1102 1274 ad
1129 1244 1292 1285 Esculum,

839 1285 881 1318 Ut
908 1287 1009 1319 salvet
1035 1291 1102 1322 eius
1130 1295 1294 1334 populum,

834 1334 932 1374 Quem
960 1339 1130 1377 acquisivit
1157 1341 1295 1376 Domino

833 1382 895 1414 Suo
923 1391 1033 1417 sancto
1061 1391 1227 1428 martyrio.

444 1462 474 1495 7.
502 1462 600 1502 Laus,
628 1465 739 1505 honor,
769 1468 879 1513 virtus,
908 1471 1010 1511 gloria

499 1510 569 1543 Deo
595 1514 679 1552 patri
707 1520 738 1546 et
765 1515 842 1559 filio,

501 1559 620 1593 Sancto
646 1564 740 1595 simul
767 1567 927 1604 paraclito

499 1608 534 1639 In
562 1611 762 1643 saeculorum
790 1616 929 1648 saecula.

142 1683 228 1710 Brev.
243 1693 297 1711 ms.
318 1687 470 1715 Romanae
492 1690 601 1717 Curiae
623 1700 700 1720 saec.
725 1692 767 1720 15,
788 1696 858 1722 Cod.
884 1698 1018 1726 Vaticau.
1042 1699 1127 1728 6255.
1148 1703 1181 1729 A.
1205 1718 1241 1721 —
1263 1706 1399 1734 ‹ufic-ium

65 1721 244 1749 sanctissimi
260 1723 402 1760 Martyris
418 1726 535 1763 Migdii‚
557 1731 690 1767 episcopi
703 1732 845 1761 Asculani
865 1738 1087 1772 metropolitani
1104 1744 1158 1767 etc.
1175 1743 1243 1778 imp.
1261 1746 1399 1773 Anconae

62 1757 272 1791 (Bernardinus
296 1763 474 1798 Gueraldus)
498 1765 580 1795 1522.
595 1769 628 1796 B.
648 1785 685 1789 —
710 1770 733 1802 1,
760 1771 918 1810 IEmigdii
940 1778 973 1802 Α.
989 1792 1025 1795 -
1048 1777 1073 1809 2,
1099 1778 1110 1805 1
1135 1782 1295 1809 Germania
1312 1784 1343 1810 A.
1367 1800 1393 1802 —

63 1795 88 1830 6,
114 1797 125 1825 1
148 1801 231 1827 venit
252 1801 408 1831 Esculium
428 1806 468 1839 A3
491 1807 641 1841 Asculum,
664 1818 710 1837 am
733 1811 835 1839 Raude
858 1815 890 1840 B.
916 1830 947 1833 —
967 1814 993 1849 6,
1016 1816 1033 1843 2
1055 1821 1119 1852 Qua·
1145 1820 1239 1847 salvet
1263 1823 1292 1848 Η.

506 1940 566 1971 212.
588 1941 631 1973 De
652 1946 762 1976 saneto
786 1945 941 1986 Emigdio.

560 2003 613 2030 Ad
644 2005 886 2035 Matutinum.

56 2072 85 2107 1.
114 2074 310 2116 Adplaudat
337 2088 394 2111 ora
421 2080 558 2124 Gallica,
755 2089 790 2120 3.
819 2088 905 2119 Hinc
931 2090 1001 2122 zelo
1028 2090 1168 2131 flagrans
1196 2095 1325 2128 Domini

112 2124 182 2162 Qua
207 2130 320 2159 sancta
346 2128 447 2169 stirps
473 2132 677 2176 producitur,
814 2136 955 2169 Paterna
981 2141 1105 2178 spernit
1132 2145 1276 2183 praedia,

109 2171 326 2216 Exsultetque
352 2176 539 2220 Germania,
814 2184 947 2217 Praesul
976 2186 1106 2220 effeetus
1133 2193 1255 2223 numini

112 2221 178 2254 Ubi
205 2223 296 2265 origo
317 2226 489 2265 promitur.
813 2233 914 2265 Sacra
941 2235 1049 2267 reddit
1078 2240 1279 2278 compendia.

46 2307 77 2340 2.
104 2309 306 2343 Praesertim
332 2321 449 2353 pange,
476 2314 644 2357 Esculum,

104 2357 208 2391 Patre
235 2359 381 2392 dotatum
409 2361 536 2404 Migdio

103 2406 225 2439 Autori
252 2412 327 2440 vota
352 2411 539 2450 praesulum

106 2455 140 2487 In
172 2455 241 2487 eius
269 2457 376 2490 laudis
403 2459 520 2492 studio.

748 2321 780 2352 4.
809 2319 929 2352 Salutis
956 2332 1032 2354 vere
1058 2325 1202 2358 medicus

808 2368 903 2401 Unda
931 2370 1084 2411 baptismi
1112 2374 1218 2407 ulcera

809 2417 1026 2460 Sermoneque
1054 2422 1207 2456 mirificus

807 2465 905 2498 Curat
933 2469 1117 2502 morborum
1145 2481 1273 2513 genera.
