1653 2656
725 129 954 164 -30-

675 337 723 368 43.
767 337 798 368 ln
820 337 1009 367 Pentecoste.

630 426 682 453 Ad
714 426 1054 452 Processionem.

387 523 491 558 Salve,
519 521 602 553 festa
629 522 707 554 dies,
735 525 801 552 toto
828 520 1022 552 venerabilis
1047 529 1136 559 aevo,

433 572 500 608 Qua
527 578 618 601 sacer
643 569 790 600 accendit
815 569 947 608 spiritus
973 569 1046 610 igne
1071 578 1155 601 suos.

384 619 420 650 In
448 628 504 648 nos
531 618 620 648 mitte
646 617 748 656 patris
774 617 975 657 promissum,
1003 620 1119 655 rector,
1147 617 1187 648 ab
1215 617 1312 649 astris

435 666 585 702 pneuma,
612 665 697 704 quod
723 665 871 695 emundet
899 665 1019 695 crimen
1045 668 1076 695 et
1102 674 1196 697 omne
1222 665 1328 707 lavet3

327 718 359 747 5.
387 714 462 752 Igne
488 714 537 744 sui
563 713 644 744 roris
672 712 806 744 famulos
832 711 1017 753 inflammet,
1044 714 1162 744 amoris

431 761 575 792 Flamma
600 769 661 800 quo
687 760 762 792 fidei
788 759 911 791 ferveat
938 765 1033 800 atque
1059 760 1139 800 spei.

383 808 537 848 Suggerat
565 810 595 839 in
624 808 714 839 nobis
742 809 824 839 vitae
848 812 1022 848 praecepta
1047 809 1196 848 perennis

433 857 642 888 consolidans
670 856 761 888 donis
787 865 844 887 nos
870 856 938 887 sine
964 856 1026 887 fine
1052 857 1127 888 suis.

385 903 512 935 Summa
539 913 654 935 corona
680 904 748 945 tibi,
777 904 818 934 sit
845 903 928 935 doxa
954 913 1073 936 coaeva
1098 905 1237 944 parenti,

304 953 357 984 10.
433 951 550 983 Sancto
578 951 706 991 spiritui
732 952 800 982 laus
828 951 946 982 deitate
973 952 1054 991 pari.

258 1054 349 1081 Grad.
371 1063 422 1080 ms.
445 1054 680 1089 Sipacheellense
703 1062 777 1080 saec.
803 1052 844 1080 15.
867 1054 937 1080 Cod.
961 1054 1154 1082 Cremifanen.
1178 1053 1242 1083 190.

666 1250 715 1279 44.
757 1250 789 1280 ln
812 1250 1005 1282 Pentecoste.

649 1339 699 1365 Ad
728 1340 1025 1366 Processionem.

378 1435 483 1473 Salve,
511 1434 592 1467 festa
616 1436 693 1473 dieS‚
721 1440 787 1467 toto
814 1437 1006 1468 venerabilis
1032 1447 1120 1473 aevo.

425 1484 491 1522 Qua
518 1493 599 1514 nova
626 1484 666 1514 de
692 1484 779 1515 caelo
806 1485 909 1523 gratia
935 1484 1024 1516 fulsit
1050 1486 1153 1521 homo.

379 1530 527 1572 Spiritus,
555 1540 638 1569 ecce,
666 1532 764 1571 Deus,
791 1533 875 1571 patri
902 1538 1040 1572 natoque
1066 1544 1210 1578 coaevuS,

429 1579 514 1617 Ignis
540 1579 631 1610 adest
658 1580 763 1620 specie
791 1580 955 1620 discipulis
980 1580 1085 1614 hodie.

320 1629 351 1660 5.
381 1625 532 1658 Sensibus
558 1626 703 1658 humanis
729 1627 870 1658 infundit
896 1637 972 1667 opes
1000 1629 1128 1661 deitatis

426 1676 454 1705 A
481 1679 571 1713 patre
597 1675 774 1714 procedens
800 1675 934 1714 mystica
962 1675 1044 1708 dona
1072 1676 1189 1711 ferens.

377 1721 448 1753 Non
475 1726 577 1752 cessat
604 1723 701 1753 variis
728 1722 847 1754 Christi
873 1724 1032 1763 magnalia
1057 1725 1173 1766 linguis

423 1769 517 1801 Plebs
544 1769 624 1801 bene
649 1770 742 1801 docta
767 1771 853 1810 loqui
879 1772 1025 1811 gentibus
1051 1775 1236 1814 omnigenis

374 1817 459 1848 Laus
485 1817 554 1857 tibi,
580 1827 716 1857 pneuma
743 1827 879 1856 sacrum,
907 1818 978 1850 fons
1006 1821 1099 1859 vitae,
1128 1822 1180 1854 lux
1207 1824 1395 1862 animarum,

292 1866 346 1898 10.
420 1865 533 1897 Omnia
560 1865 724 1897 vivificans
750 1875 876 1906 semper
902 1871 931 1898 et
958 1868 1128 1902 irradians,

378 1913 551 1954 Posc1mus,
579 1914 788 1953 omnipotens,
816 1919 946 1954 terram,
973 1925 1071 1958 mare,
1100 1919 1208 1951 sidera
1233 1920 1374 1960 replens,

425 1961 490 1992 Nos
521 1961 579 1992 tibi
605 1961 747 2002 purifica,
776 1966 917 2003 protege,
945 1964 1099 1997 salvifica.

379 2009 457 2047 Pax,
487 2008 593 2047 decus,
621 2019 712 2040 omne
738 2010 864 2047 bonum,
894 2011 997 2042 dulcis
1025 2015 1197 2047 concordia
1221 2025 1355 2056 morum,

425 2056 527 2096 Reple
553 2057 651 2088 corda
676 2062 730 2089 tuo
756 2067 885 2089 munere
910 2058 1072 2092 mellifluo.

296 2106 350 2138 15.
378 2105 494 2136 Intima
521 2105 648 2136 divinae
676 2106 716 2137 da
740 2110 948 2146 praegustare
974 2108 1117 2149 sophiae,

426 2153 525 2191 Quam
551 2153 675 2184 redolet
701 2153 873 2186 Cherubim
901 2155 1069 2194 praecluus
1096 2157 1175 2188 ordo
1202 2158 1274 2193 Dei.

377 2200 496 2232 Nostra
523 2201 576 2240 pie
602 2206 710 2242 tangat
738 2201 906 2242 Seraphim
933 2203 1145 2236 carbunculus
1171 2215 1238 2248 ora,

423 2249 468 2281 Ut
492 2258 580 2280 mens
607 2254 762 2289 perpetuo
788 2248 901 2291 flagret
926 2260 1033 2283 amore
1058 2256 1124 2285 tuo.

261 2353 344 2380 Miss.
374 2363 426 2381 ms.
448 2354 632 2382 Tomacense
658 2363 734 2382 saec.
763 2354 805 2383 14.
827 2355 897 2383 Cod.
918 2357 1079 2384 Tornaceu.
1103 2358 1187 2387 XIII.
1228 2360 1345 2389 Daraus
1368 2363 1507 2393 Voisin

186 2392 230 2419 in:
262 2392 393 2419 Bulletin
421 2393 457 2420 de
484 2393 514 2420 la
544 2392 652 2421 societe
680 2393 843 2429 historique
869 2394 905 2421 de
926 2395 1056 2423 Tournai
1078 2397 1151 2424 VIII
1177 2396 1290 2434 (1862),
1321 2399 1375 2429 116
1406 2412 1447 2439 sq.
1474 2421 1506 2425 -

191 2428 234 2457 14.
255 2431 400 2458 mellievo.
423 2446 458 2450 ——
482 2431 515 2459 16
536 2432 692 2468 praecluis,
713 2441 771 2460 von
792 2433 896 2460 Voisin
916 2433 1057 2470 gefindert
1077 2436 1109 2462 in
1132 2439 1280 2472 praevius.
