1653 2656
632 93 874 129 -67-

92 205 124 238 3.
150 200 261 236 Omnis
285 197 390 240 gentis
416 199 449 228 et
473 195 601 236 generis

150 251 257 290 Atque
282 255 378 280 sexus
403 243 549 286 quamvis
574 242 639 274 reis

150 297 301 332 Bravinm
328 296 413 328 vitae
439 292 583 334 perpetis

149 347 223 380 Non
249 346 386 386 denegat
409 351 469 383 pro
495 341 631 378 meritis,

93 438 127 470 4.
153 432 338 474 Virginibus
365 429 588 469 centesimum,

153 481 268 515 Viduis
293 478 539 519 sexagesimum,

154 528 339 569 Coniugatis
366 526 563 559 tricesimum

155 580 243 612 Dans
270 576 409 609 fructum
437 573 696 606 saluberrimum.

176 667 258 693 Brev.
280 663 466 691 Poznaniese
489 663 558 696 imp.
585 660 705 695 Lipsiae
730 655 812 684 1530.

784 194 816 225 5.
844 192 996 230 Quarum,
1024 189 1164 230 Christe,
1192 186 1351 227 suffragiis

845 239 913 271 Nos
940 242 1087 271 errantes
1115 237 1167 268 hic
1193 236 1225 268 in
1253 235 1313 267 viis

845 288 986 328 Ereptos
1015 287 1054 318 de
1079 285 1222 317 tristitiis

847 336 1000 369 Aeternis
1028 335 1095 366 dita
1122 334 1260 375 gaudiis,

817 450 823 456 .
853 425 914 463 Da⁷
942 427 1045 464 pater,
1073 421 1165 453 nobis
1192 420 1310 460 gaudia

851 473 916 504 Per
942 471 1042 503 filiuni
1071 469 1265 510 repromissa

853 520 993 560 Spiritus
1020 519 1123 550 sancti
1150 517 1253 558 gratia

854 569 920 600 Nos
948 567 1078 599 fovente
1104 575 1163 607 per
1188 565 1328 598 saecula.

477 809 541 840 105.
584 808 616 839 ln
639 805 744 838 Natali
769 803 871 836 sancti
893 801 1050 842 Adelphii.

627 867 678 896 Ad
708 867 905 901 Vesperas.

102 955 133 987 1.
160 953 276 985 Sancte
303 951 392 982 Deus
421 948 589 986 altissime,

160 1001 234 1034 Tibi
259 1004 368 1040 grates
395 996 577 1034 referimus,

162 1050 220 1089 Qui
246 1057 306 1089 per
332 1046 446 1079 fideles
474 1044 613 1076 famulos

162 1099 246 1130 Tuos
274 1095 385 1128 ditasti
414 1094 576 1125 tellurem.

104 1187 135 1220 2.
164 1185 262 1218 Sacer
288 1181 454 1216 confessor
480 1177 621 1217 Domini,

162 1232 346 1273 Adelpbius
373 1230 436 1262 fert
464 1234 598 1268 tropaea

164 1283 243 1315 Post
269 1279 391 1312 saeculi
415 1277 580 1318 angustias

166 1331 316 1370 Adeptus
343 1328 459 1360 almam
488 1325 642 1365 requiem.

108 1420 139 1451 3.
166 1418 284 1450 Pastor
310 1414 442 1447 effectus
469 1412 588 1448 ovium,

167 1467 308 1499 Paterna
334 1462 511 1503 splendens
535 1459 650 1500 gratia,

169 1514 239 1548 Sibi
261 1512 440 1544 subiectum
468 1508 621 1549 populum

169 1561 315 1595 Nutrivit
341 1564 437 1600 atque
464 1557 556 1590 aluit.

107 1654 138 1684 4.
168 1649 259 1683 Mitis
287 1652 319 1680 et
346 1646 450 1679 dulcis
475 1643 634 1681 omnibus,

175 1697 312 1738 Eloquio
339 1694 489 1735 affabilis,

173 1748 232 1780 Die
259 1755 297 1778 ac
323 1748 417 1776 nocte
443 1741 604 1773 meditans

173 1796 316 1828 Psalmos
344 1797 375 1825 et
401 1792 536 1831 hymnos
562 1788 690 1829 iugiter.

804 1406 821 1438 *1

799 946 830 976 5.
859 942 921 973 Hic
948 940 1083 972 caritate
1110 936 1264 977 profluus,

859 987 1051 1028 Hospitibus
1080 984 1298 1019 dulcissimus,

861 1038 915 1070 Sic
942 1037 1047 1068 nitens
1073 1034 1158 1065 inter
1186 1032 1330 1063 homines

862 1086 928 1118 Ceu
953 1084 1047 1116 iubar
1073 1091 1112 1113 ex
1138 1080 1279 1113 aethere.

825 1199 832 1207 .
861 1174 982 1205 Amans
1007 1178 1109 1210 opaca
1135 1167 1233 1198 eremi

861 1221 1014 1253 Oratione
1041 1217 1166 1255 sedula,

863 1269 992 1302 Gemitu
1017 1271 1113 1306 atque
1137 1264 1279 1296 lacrimis

861 1316 1027 1350 Abstersit
1054 1315 1164 1353 culpas
1192 1311 1314 1344 noxias

829 1431 836 1438 .
865 1404 976 1436 Celsus
1005 1402 1043 1432 de
1070 1402 1164 1439 gente
1192 1397 1302 1434 nobili,

864 1451 1103 1485 sicambrorum
1132 1449 1171 1479 de
1199 1446 1339 1477 culmine

865 1500 973 1532 Veluti
1001 1497 1124 1529 cunctis
1152 1495 1284 1527 ultimus

864 1548 1001 1580 Vivebat
1028 1546 1113 1577 inter
1139 1544 1295 1576 homineS.

831 1663 838 1669 .
867 1637 984 1669 Sancte
1011 1634 1099 1666 Deus
1126 1630 1293 1670 altissime,

866 1685 912 1717 Te
938 1683 1161 1723 supplicantes
1187 1685 1390 1719 quaesumus,

868 1733 921 1766 Illi
948 1740 1065 1771 augeas
1093 1728 1250 1769 praemia,

869 1781 971 1814 Nobis
998 1778 1157 1811 concedas
1185 1776 1325 1808 veniam.

188 1884 274 1910 Brev.
288 1890 341 1908 ms.
354 1877 505 1907 Romarici
519 1876 632 1903 Montis
647 1881 724 1901 saec.
744 1868 786 1898 16.
799 1869 871 1897 Cod.
884 1867 1048 1904 Spinalien.
1065 1864 1119 1892 164
1130 1862 1197 1896 (77).
1212 1863 1246 1889 A.
1258 1875 1295 1879 —
1308 1858 1448 1895 Hymnar.

110 1933 163 1951 ms.
193 1921 344 1950 Romarici
372 1917 484 1946 Montis
513 1923 590 1942 saec.
621 1912 665 1941 15.
693 1910 763 1939 Cod.
793 1908 959 1944 Spinalieu.
986 1902 1128 1935 1941861.
1152 1903 1183 1929 B.
1206 1917 1241 1920 ——
1266 1898 1292 1931 2,
1315 1898 1332 1925 2
1354 1899 1449 1925 serens

111 1963 170 1990 AB.
193 1977 230 1980 —
251 1959 278 1993 5,
304 1958 316 1986 l
347 1959 406 1986 Hic
434 1955 509 1983 fehlt
537 1955 596 1981 AB.
619 1967 656 1972 —-
678 1951 704 1983 6,
726 1948 744 1977 3
766 1952 795 1976 et
822 1947 954 1975 lacrimis
972 1945 1005 1971 B.
1028 1959 1063 1963 ——
1085 1944 1112 1973 ὅ,
1136 1941 1148 1969 1
1171 1941 1213 1967 Te
1236 1941 1337 1966 sancte
1359 1938 1391 1963 B.
1415 1950 1449 1955 —

110 2000 137 2035 8,
157 2000 174 2028 2
195 2001 237 2028 Te
257 1999 332 2026 fehlt
353 1998 384 2024 B.
407 2011 444 2015 —
466 1992 492 2027 8,
515 1993 532 2021 3
555 1993 596 2020 Ut
616 1992 663 2019 illi
686 1991 717 2018 B.

534 2141 595 2172 106.
638 2138 672 2170 In
694 2135 801 2168 Natali
823 2143 848 2166 s.
871 2131 1028 2173 Adelphii.

618 2200 670 2228 Ad
698 2199 942 2226 Nocturnum.

118 2292 148 2325 1.
176 2290 250 2321 Iesu
274 2287 369 2325 iuste,
396 2282 590 2320 misericors,

176 2338 323 2371 Devotae
349 2332 466 2364 mentis
496 2329 655 2366 conditor,

175 2385 306 2419 Nostris
333 2389 472 2424 parcens
498 2376 688 2410 criminibus

181 2435 248 2467 Piis
273 2432 347 2465 fave
375 2427 594 2462 concentibus.

817 2277 849 2309 2.
878 2272 988 2307 Sancti
1015 2269 1118 2311 patris
1145 2264 1313 2306 Adelphii,

878 2322 1042 2353 Virtutum
1069 2316 1146 2348 flore
1175 2312 1350 2354 splendidi,

878 2370 1065 2403 Gaudentes
1093 2364 1211 2396 festum
1238 2362 1381 2393 canimus

877 2419 945 2460 Ipsi
973 2416 1152 2458 psallentes
1180 2411 1324 2443 vocibus.

1242 2466 1281 2496 5*
