1653 2656
691 128 951 166 —167—

152 231 185 262 5.
212 229 388 269 Accipiens
415 228 598 269 fossorium,
851 229 882 262 7.
908 227 1006 266 Ecce,
1035 226 1169 257 daemon
1195 224 1227 255 in
1255 231 1330 255 aere

217 277 343 318 Viginti
370 287 484 318 passus
511 277 650 315 fodiens,
910 274 1141 313 clamabatque
1168 272 1336 303 continue:

213 326 295 357 Tres
322 335 436 358 cruces
461 326 507 358 ibi
535 326 703 366 comperit,
909 324 973 355 Per
997 322 1110 354 Iudam
1136 322 1227 353 Iesus
1254 327 1368 359 passus
1397 322 1442 348 est

215 374 279 406 Sed
305 374 466 415 ignorant,
495 383 576 415 quae
602 375 644 405 sit
666 377 788 406 sancta.
911 372 954 404 Et
980 379 1065 402 nunc
1092 370 1174 402 Iuda
1200 368 1336 400 mundus
1363 367 1460 398 lucet.

155 473 188 506 6.
217 470 278 510 Εῃ,
305 471 431 502 iuvenis
457 474 534 502 tunc
560 474 702 502 mortuus
852 470 884 502 8.
913 467 1082 500 Calvariae
1108 465 1305 497 construitur

214 518 399 551 Ferebatur
423 519 455 550 in
482 519 629 559 grabato,
912 516 1003 547 Tunc
1028 514 1164 554 insignis
1191 512 1338 548 ecclesia,

217 567 389 600 Gradatim
416 576 512 599 cruce
538 568 643 606 posita
914 564 1073 603 ludasque
1099 567 1174 593 tunc
1198 561 1393 600 baptizatur.

216 615 282 648 Sub
311 616 388 647 diva
414 616 553 655 resurgit
583 615 704 647 statim.
915 612 1108 644 Nominatur
1135 609 1300 650 Cyriacus,

497 713 528 744 9.
558 711 606 742 De
634 711 734 742 clavis
761 709 873 740 dolens
900 708 1011 749 regina

556 758 767 799 Requiritque
793 757 975 797 (tyriacum,

558 807 620 839 Sed
649 807 724 838 dum
751 809 874 837 orasset
902 804 1084 845 Dominum,

556 856 672 889 Claves
698 854 819 894 reperit
846 853 945 885 illico.

239 954 324 980 Brev.
358 960 411 978 ms.
442 952 670 979 Ambrosianum
703 958 780 976 saec.
804 947 848 975 15.
875 947 945 975 Cod.
974 947 1112 981 Borgian.
1140 945 1169 971 M
1199 945 1241 974 11.
1275 942 1319 971 20.
1349 958 1385 961 μ
1416 942 1442 973 1,
1476 942 1493 966 ῑί

157 993 272 1029 regine.
295 1006 332 1011 —
355 991 476 1017 Doxol.:
500 990 604 1017 Gloria
625 989 688 1018 tibi,
714 988 849 1015 Domine.

608 1120 677 1151 284.
718 1119 761 1150 De
783 1119 894 1149 saneta
915 1117 1047 1148 Helena.

671 1189 722 1217 Ad
747 1190 989 1216 Nocturnam.

161 1287 192 1319 1.
221 1285 258 1316 In
286 1282 418 1315 caelesti
445 1281 569 1312 rosario
858 1277 889 1307 3.
918 1274 1032 1307 Iudaei
1059 1277 1135 1304 tunc
1162 1271 1329 1312 perterriti

221 1333 307 1365 Rosa
332 1331 500 1373 plantatur
526 1327 654 1365 nobilis,
918 1323 1048 1355 Timore
1074 1330 1189 1361 magno
1216 1323 1247 1351 et
1273 1318 1432 1359 horribili,

221 1381 319 1415 Cuius
345 1378 475 1411 ardenti
501 1376 609 1408 studio
705 1404 709 1408 ,
918 1373 1006 1411 Quae
1033 1369 1097 1401 sibi
1124 1369 1221 1400 Iudas
1250 1367 1388 1405 dixerat⁷

212 1430 310 1474 ‚Crux
336 1427 476 1460 habetur
503 1425 675 1458 dominica.
922 1417 1216 1451 Manifestaverunt
1242 1417 1360 1448 omnia.

161 1529 194 1562 2.
220 1527 322 1559 Beata
348 1525 409 1557 Dei
434 1524 570 1564 Helena,
861 1520 892 1550 4.
922 1517 1011 1548 Tunc
1039 1515 1137 1547 Iudas
1164 1512 1242 1545 facti
1270 1511 1415 1543 conscius

222 1576 397 1614 Postquam
424 1572 549 1611 recepit
574 1569 713 1610 nuntios,
922 1565 1015 1597 Solus
1041 1564 1074 1595 in
1100 1563 1174 1594 lacu
1201 1561 1341 1602 ponitur,

225 1623 347 1657 Iudaea
373 1626 450 1653 tunc
475 1618 645 1651 incredula
922 1613 1067 1645 Tandem
1094 1615 1200 1643 tactus
1228 1609 1382 1641 divinitus

224 1671 326 1704 Trasli
347 1670 438 1702 iubet
465 1667 624 1700 incendio.
924 1663 1039 1695 Totum
1067 1660 1182 1701 pandit
1208 1659 1240 1690 in
1268 1657 1443 1698 publicum.

506 1768 537 1799 5.
566 1765 711 1803 Praesta,
739 1765 845 1802 pater,
873 1769 932 1801 per
958 1758 1073 1794 filium,

566 1813 700 1844 Praesta
726 1819 785 1850 per
811 1809 929 1841 almum
957 1807 1120 1847 spiritum,

565 1861 608 1894 Ut
635 1869 695 1901 per
720 1859 814 1890 huius
841 1856 994 1897 suffragia

564 1911 742 1943 Aeternum
770 1908 870 1939 dones
897 1905 1088 1947 praemium.

243 2011 327 2039 Offic.
349 2020 403 2038 ms.
426 2018 502 2037 saec.
527 2006 570 2035 16.
594 2006 667 2034 Cod.
688 2005 826 2032 Vatican.
849 2001 935 2031 6286.

621 2141 690 2172 285.
733 2139 776 2170 De
798 2138 911 2169 sancta
932 2134 1062 2166 Helena.

720 2210 772 2238 Ad
801 2207 964 2236 Laudes.

170 2309 201 2342 1.
229 2307 347 2340 Electa
373 2305 435 2337 Dei
461 2303 584 2336 famula
871 2298 904 2329 2.
932 2296 1053 2328 Fumus
1079 2292 1191 2334 prodit
1217 2294 1409 2329 aromatum,

228 2356 351 2389 Locum
378 2361 518 2394 pergens
545 2350 727 2390 Calvariae‚
931 2345 976 2377 Et
1001 2351 1112 2375 cruces
1138 2345 1205 2372 tres
1230 2339 1409 2379 inveniunt,

228 2403 361 2438 Orando
388 2411 459 2434 cum
485 2399 605 2432 fiducia
930 2393 996 2425 Per
1020 2390 1138 2424 mortui
1165 2387 1356 2420 miraculum

233 2454 338 2486 Locus
363 2454 513 2483 movetur
537 2448 666 2489 iugiter.
931 2441 1018 2474 Crux
1045 2438 1168 2473 Christi
1195 2437 1405 2478 dignoscitur.
