<?xml version="1.0" encoding="UTF-8"?>
<!DOCTYPE html PUBLIC "-//W3C//DTD XHTML 1.0 Transitional//EN"
    "http://www.w3.org/TR/xhtml1/DTD/xhtml1-transitional.dtd">
<html xmlns="http://www.w3.org/1999/xhtml" xml:lang="en" lang="en">
 <head>
  <title>
</title>
<meta http-equiv="Content-Type" content="text/html;charset=utf-8" />
  <meta name='ocr-system' content='tesseract 3.04.00' />
  <meta name='ocr-capabilities' content='ocr_page ocr_carea ocr_par ocr_line ocrx_word'/>
</head>
<body>
  <div class='ocr_page' id='page_1' title='image "./analectahymnica43drevuoft/analectahymnica43drevuoft_0043.png"; bbox 0 0 1653 2656; ppageno 0'>
   <div class='ocr_carea' id='block_1_1' title="bbox 722 110 954 146">
    <p class='ocr_par' dir='ltr' id='par_1_1' title="bbox 722 110 954 146">
     <span class='ocr_line' id='line_1_1' title="bbox 722 110 954 146; baseline 0 -11"><span class='ocrx_word' id='word_1_1' title='bbox 722 110 954 146; x_wconf 72' lang='lat'>..40-</span> 
     </span>
    </p>
   </div>
   <div class='ocr_carea' id='block_1_2' title="bbox 552 259 1130 301">
    <p class='ocr_par' dir='ltr' id='par_1_2' title="bbox 552 259 1130 301">
     <span class='ocr_line' id='line_1_2' title="bbox 552 259 1130 301; baseline -0.002 -10"><span class='ocrx_word' id='word_1_2' title='bbox 552 260 599 292; x_wconf 89' lang='lat'>58.</span> <span class='ocrx_word' id='word_1_3' title='bbox 640 260 681 291; x_wconf 80' lang='lat' dir='ltr'>De</span> <span class='ocrx_word' id='word_1_4' title='bbox 703 259 907 301; x_wconf 78' lang='lat' dir='ltr'>Conoeptione</span> <span class='ocrx_word' id='word_1_5' title='bbox 927 259 1045 291; x_wconf 64' lang='lat' dir='ltr'>Boutae</span> <span class='ocrx_word' id='word_1_6' title='bbox 1066 259 1130 291; x_wconf 71' lang='lat' dir='ltr'>MV.</span> 
     </span>
    </p>
   </div>
   <div class='ocr_carea' id='block_1_3' title="bbox 682 338 991 376">
    <p class='ocr_par' dir='ltr' id='par_1_3' title="bbox 682 338 991 376">
     <span class='ocr_line' id='line_1_3' title="bbox 682 338 991 376; baseline -0.003 -9"><span class='ocrx_word' id='word_1_7' title='bbox 682 341 724 367; x_wconf 90' lang='lat' dir='ltr'>In</span> <span class='ocrx_word' id='word_1_8' title='bbox 748 338 774 367; x_wconf 87' lang='grc'>2.</span> <span class='ocrx_word' id='word_1_9' title='bbox 802 341 991 376; x_wconf 80' lang='lat' dir='ltr'>Vesperis.</span> 
     </span>
    </p>
   </div>
   <div class='ocr_carea' id='block_1_4' title="bbox 181 434 1432 1366">
    <p class='ocr_par' dir='ltr' id='par_1_4' title="bbox 181 434 1432 1363">
     <span class='ocr_line' id='line_1_4' title="bbox 192 434 1349 477; baseline 0 -9"><span class='ocrx_word' id='word_1_10' title='bbox 192 435 222 468; x_wconf 90' lang='lat'>1.</span> <span class='ocrx_word' id='word_1_11' title='bbox 250 434 371 473; x_wconf 83' lang='lat' dir='ltr'><strong>Gaude</strong></span> <span class='ocrx_word' id='word_1_12' title='bbox 397 442 499 468; x_wconf 84' lang='lat' dir='ltr'>mater</span> <span class='ocrx_word' id='word_1_13' title='bbox 523 437 669 474; x_wconf 48' lang='lat' dir='ltr'>ecclesia,</span> <span class='ocrx_word' id='word_1_14' title='bbox 868 438 901 468; x_wconf 93' lang='lat'>5.</span> <span class='ocrx_word' id='word_1_15' title='bbox 929 438 1033 476; x_wconf 82' lang='lat' dir='ltr'>Anna,</span> <span class='ocrx_word' id='word_1_16' title='bbox 1061 436 1155 468; x_wconf 87' lang='lat' dir='ltr'>radix</span> <span class='ocrx_word' id='word_1_17' title='bbox 1180 444 1349 477; x_wconf 82' lang='lat' dir='ltr'>generosa,</span> 
     </span>
     <span class='ocr_line' id='line_1_5' title="bbox 295 482 1423 525; baseline 0.002 -11"><span class='ocrx_word' id='word_1_18' title='bbox 295 484 379 515; x_wconf 88' lang='lat' dir='ltr'>Voce</span> <span class='ocrx_word' id='word_1_19' title='bbox 404 485 552 524; x_wconf 87' lang='lat' dir='ltr'>perennis</span> <span class='ocrx_word' id='word_1_20' title='bbox 577 484 694 525; x_wconf 86' lang='lat' dir='ltr'>gaudii,</span> <span class='ocrx_word' id='word_1_21' title='bbox 974 484 1078 515; x_wconf 81' lang='lat' dir='ltr'>Tanto</span> <span class='ocrx_word' id='word_1_22' title='bbox 1104 482 1244 516; x_wconf 77' lang='lat' dir='ltr'>fecunda</span> <span class='ocrx_word' id='word_1_23' title='bbox 1269 484 1423 524; x_wconf 84' lang='lat' dir='ltr'>germine,</span> 
     </span>
     <span class='ocr_line' id='line_1_6' title="bbox 248 530 1327 572; baseline 0.002 -10"><span class='ocrx_word' id='word_1_24' title='bbox 248 530 307 569; x_wconf 74' lang='lat' dir='ltr'>En,</span> <span class='ocrx_word' id='word_1_25' title='bbox 335 532 438 571; x_wconf 88' lang='lat' dir='ltr'>agitur</span> <span class='ocrx_word' id='word_1_26' title='bbox 463 532 614 563; x_wconf 88' lang='lat' dir='ltr'>memoria</span> <span class='ocrx_word' id='word_1_27' title='bbox 930 532 1171 572; x_wconf 83' lang='lat' dir='ltr'>Benedictaque</span> <span class='ocrx_word' id='word_1_28' title='bbox 1196 532 1327 572; x_wconf 81' lang='lat' dir='ltr'>leprosa</span> 
     </span>
     <span class='ocr_line' id='line_1_7' title="bbox 292 578 1334 620; baseline 0.003 -11"><span class='ocrx_word' id='word_1_29' title='bbox 292 578 381 610; x_wconf 86' lang='lat' dir='ltr'>Sacri</span> <span class='ocrx_word' id='word_1_30' title='bbox 409 584 579 619; x_wconf 85' lang='lat' dir='ltr'>conceptus</span> <span class='ocrx_word' id='word_1_31' title='bbox 604 579 674 611; x_wconf 86' lang='lat' dir='ltr'>lilii.</span> <span class='ocrx_word' id='word_1_32' title='bbox 973 579 1151 611; x_wconf 83' lang='lat' dir='ltr'>Mandatur</span> <span class='ocrx_word' id='word_1_33' title='bbox 1176 579 1334 620; x_wconf 87' lang='lat' dir='ltr'>rubigine.</span> 
     </span>
     <span class='ocr_line' id='line_1_8' title="bbox 186 682 1371 726; baseline 0.003 -13"><span class='ocrx_word' id='word_1_34' title='bbox 186 683 216 714; x_wconf 87' lang='lat'>2.</span> <span class='ocrx_word' id='word_1_35' title='bbox 245 682 293 713; x_wconf 80' lang='lat' dir='ltr'>Ex</span> <span class='ocrx_word' id='word_1_36' title='bbox 321 683 421 722; x_wconf 78' lang='lat' dir='ltr'>spinis</span> <span class='ocrx_word' id='word_1_37' title='bbox 445 688 547 714; x_wconf 86' lang='lat' dir='ltr'>ortum</span> <span class='ocrx_word' id='word_1_38' title='bbox 574 684 674 716; x_wconf 88' lang='lat' dir='ltr'>lilium</span> <span class='ocrx_word' id='word_1_39' title='bbox 865 686 897 717; x_wconf 83' lang='lat'>6.</span> <span class='ocrx_word' id='word_1_40' title='bbox 925 685 950 717; x_wconf 95' lang='grc' dir='ltr'>Ο</span> <span class='ocrx_word' id='word_1_41' title='bbox 977 694 1070 724; x_wconf 87' lang='lat' dir='ltr'>quam</span> <span class='ocrx_word' id='word_1_42' title='bbox 1098 683 1176 716; x_wconf 75' lang='lat' dir='ltr'>felix</span> <span class='ocrx_word' id='word_1_43' title='bbox 1203 686 1371 726; x_wconf 84' lang='lat' dir='ltr'><strong>conceptio</strong></span> 
     </span>
     <span class='ocr_line' id='line_1_9' title="bbox 291 729 1432 775; baseline 0.004 -14"><span class='ocrx_word' id='word_1_44' title='bbox 291 729 364 762; x_wconf 85' lang='lat' dir='ltr'>Solo</span> <span class='ocrx_word' id='word_1_45' title='bbox 391 736 517 762; x_wconf 89' lang='lat' dir='ltr'>creatur</span> <span class='ocrx_word' id='word_1_46' title='bbox 542 731 644 763; x_wconf 87' lang='lat' dir='ltr'>sterili</span> <span class='ocrx_word' id='word_1_47' title='bbox 975 733 1092 773; x_wconf 83' lang='lat' dir='ltr'>Virgae</span> <span class='ocrx_word' id='word_1_48' title='bbox 1111 731 1256 765; x_wconf 82' lang='lat' dir='ltr'>florentis</span> <span class='ocrx_word' id='word_1_49' title='bbox 1284 734 1432 775; x_wconf 83' lang='lat' dir='ltr'>caelitus,</span> 
     </span>
     <span class='ocr_line' id='line_1_10' title="bbox 243 777 1387 822; baseline 0.004 -13"><span class='ocrx_word' id='word_1_50' title='bbox 243 777 284 809; x_wconf 91' lang='lat' dir='ltr'>Et</span> <span class='ocrx_word' id='word_1_51' title='bbox 311 778 395 810; x_wconf 91' lang='lat' dir='ltr'>intra</span> <span class='ocrx_word' id='word_1_52' title='bbox 420 780 539 810; x_wconf 86' lang='lat' dir='ltr'>ventris</span> <span class='ocrx_word' id='word_1_53' title='bbox 565 781 717 819; x_wconf 87' lang='lat' dir='ltr'>gremium</span> <span class='ocrx_word' id='word_1_54' title='bbox 922 781 990 820; x_wconf 86' lang='lat' dir='ltr'>Qua</span> <span class='ocrx_word' id='word_1_55' title='bbox 1016 781 1120 812; x_wconf 83' lang='lat' dir='ltr'>luctus</span> <span class='ocrx_word' id='word_1_56' title='bbox 1144 782 1230 814; x_wconf 81' lang='lat' dir='ltr'><strong>cedit</strong></span> <span class='ocrx_word' id='word_1_57' title='bbox 1255 782 1387 822; x_wconf 86' lang='lat' dir='ltr'>gaudio,</span> 
     </span>
     <span class='ocr_line' id='line_1_11' title="bbox 292 825 1397 870; baseline 0.005 -13"><span class='ocrx_word' id='word_1_58' title='bbox 292 825 448 866; x_wconf 81' lang='lat' dir='ltr'>Purgatur</span> <span class='ocrx_word' id='word_1_59' title='bbox 473 827 567 867; x_wconf 89' lang='lat' dir='ltr'>culpa</span> <span class='ocrx_word' id='word_1_60' title='bbox 591 826 701 861; x_wconf 88' lang='lat' dir='ltr'>flebili.</span> <span class='ocrx_word' id='word_1_61' title='bbox 972 829 1132 861; x_wconf 83' lang='lat' dir='ltr'>Redditur</span> <span class='ocrx_word' id='word_1_62' title='bbox 1157 829 1224 861; x_wconf 82' lang='lat' dir='ltr'>vita</span> <span class='ocrx_word' id='word_1_63' title='bbox 1250 830 1397 870; x_wconf 83' lang='lat' dir='ltr'>spiritus.</span> 
     </span>
     <span class='ocr_line' id='line_1_12' title="bbox 181 929 1349 975; baseline 0.005 -14"><span class='ocrx_word' id='word_1_64' title='bbox 181 930 213 962; x_wconf 86' lang='lat'>3.</span> <span class='ocrx_word' id='word_1_65' title='bbox 240 929 265 961; x_wconf 94' lang='grc' dir='ltr'>Ο</span> <span class='ocrx_word' id='word_1_66' title='bbox 293 931 482 963; x_wconf 82' lang='lat' dir='ltr'>admiranda</span> <span class='ocrx_word' id='word_1_67' title='bbox 507 932 631 963; x_wconf 89' lang='lat' dir='ltr'>novitas</span> <span class='ocrx_word' id='word_1_68' title='bbox 865 934 895 965; x_wconf 83' lang='lat'>7.</span> <span class='ocrx_word' id='word_1_69' title='bbox 922 933 1013 965; x_wconf 86' lang='lat' dir='ltr'>Haec</span> <span class='ocrx_word' id='word_1_70' title='bbox 1038 935 1071 965; x_wconf 94' lang='lat' dir='ltr'>in</span> <span class='ocrx_word' id='word_1_71' title='bbox 1096 934 1167 966; x_wconf 88' lang='lat' dir='ltr'>luce</span> <span class='ocrx_word' id='word_1_72' title='bbox 1193 936 1349 975; x_wconf 88' lang='lat' dir='ltr'>primaria</span> 
     </span>
     <span class='ocr_line' id='line_1_13' title="bbox 287 978 1386 1024; baseline 0.005 -14"><span class='ocrx_word' id='word_1_73' title='bbox 287 978 510 1018; x_wconf 90' lang='lat' dir='ltr'>Conceptionis</span> <span class='ocrx_word' id='word_1_74' title='bbox 537 979 680 1019; x_wconf 77' lang='lat' dir='ltr'>virginis,</span> <span class='ocrx_word' id='word_1_75' title='bbox 970 982 1153 1022; x_wconf 85' lang='lat' dir='ltr'>Figuratur‚</span> <span class='ocrx_word' id='word_1_76' title='bbox 1183 983 1241 1014; x_wconf 87' lang='lat' dir='ltr'>sed</span> <span class='ocrx_word' id='word_1_77' title='bbox 1266 984 1386 1024; x_wconf 83' lang='lat' dir='ltr'>typice,</span> 
     </span>
     <span class='ocr_line' id='line_1_14' title="bbox 241 1024 1365 1071; baseline 0.008 -16"><span class='ocrx_word' id='word_1_78' title='bbox 241 1024 303 1055; x_wconf 88' lang='lat' dir='ltr'>Per</span> <span class='ocrx_word' id='word_1_79' title='bbox 327 1035 419 1064; x_wconf 88' lang='lat' dir='ltr'>quam</span> <span class='ocrx_word' id='word_1_80' title='bbox 446 1027 580 1067; x_wconf 85' lang='lat' dir='ltr'><strong>tergitur</strong></span> <span class='ocrx_word' id='word_1_81' title='bbox 606 1026 742 1059; x_wconf 82' lang='lat' dir='ltr'>foeditas</span> <span class='ocrx_word' id='word_1_82' title='bbox 922 1029 1010 1067; x_wconf 83' lang='lat' dir='ltr'><strong>Quae</strong></span> <span class='ocrx_word' id='word_1_83' title='bbox 1035 1039 1054 1061; x_wconf 92' lang='lat' dir='ltr'>a</span> <span class='ocrx_word' id='word_1_84' title='bbox 1080 1030 1222 1062; x_wconf 89' lang='lat' dir='ltr'>tenebris</span> <span class='ocrx_word' id='word_1_85' title='bbox 1249 1032 1365 1071; x_wconf 80' lang='lat' dir='ltr'>gaudia</span> 
     </span>
     <span class='ocr_line' id='line_1_15' title="bbox 289 1073 1310 1117; baseline 0.007 -13"><span class='ocrx_word' id='word_1_86' title='bbox 289 1073 462 1112; x_wconf 88' lang='lat' dir='ltr'>Originalis</span> <span class='ocrx_word' id='word_1_87' title='bbox 489 1075 639 1107; x_wconf 82' lang='lat' dir='ltr'>criminis,</span> <span class='ocrx_word' id='word_1_88' title='bbox 971 1077 1140 1117; x_wconf 79' lang='lat' dir='ltr'>separavit</span> <span class='ocrx_word' id='word_1_89' title='bbox 1165 1078 1310 1112; x_wconf 79' lang='lat' dir='ltr'>mirifice.</span> 
     </span>
     <span class='ocr_line' id='line_1_16' title="bbox 181 1177 1389 1225; baseline 0.006 -17"><span class='ocrx_word' id='word_1_90' title='bbox 181 1178 213 1208; x_wconf 77' lang='lat'>4.</span> <span class='ocrx_word' id='word_1_91' title='bbox 239 1177 323 1209; x_wconf 77' lang='lat' dir='ltr'>Nata</span> <span class='ocrx_word' id='word_1_92' title='bbox 348 1187 430 1209; x_wconf 79' lang='lat' dir='ltr'>nova</span> <span class='ocrx_word' id='word_1_93' title='bbox 455 1187 536 1210; x_wconf 90' lang='lat' dir='ltr'>nova</span> <span class='ocrx_word' id='word_1_94' title='bbox 562 1179 650 1218; x_wconf 83' lang='lat' dir='ltr'>prole</span> <span class='ocrx_word' id='word_1_95' title='bbox 862 1181 892 1213; x_wconf 82' lang='lat'>8.</span> <span class='ocrx_word' id='word_1_96' title='bbox 922 1182 1016 1221; x_wconf 83' lang='lat' dir='ltr'>Laus,</span> <span class='ocrx_word' id='word_1_97' title='bbox 1043 1181 1145 1213; x_wconf 89' lang='lat' dir='ltr'>honor</span> <span class='ocrx_word' id='word_1_98' title='bbox 1170 1183 1211 1214; x_wconf 85' lang='lat' dir='ltr'>sit</span> <span class='ocrx_word' id='word_1_99' title='bbox 1236 1183 1389 1225; x_wconf 87' lang='lat' dir='ltr'>ingenito,</span> 
     </span>
     <span class='ocr_line' id='line_1_17' title="bbox 286 1224 1384 1272; baseline 0.008 -17"><span class='ocrx_word' id='word_1_100' title='bbox 286 1224 376 1256; x_wconf 76' lang='lat' dir='ltr'>Nova</span> <span class='ocrx_word' id='word_1_101' title='bbox 402 1224 525 1257; x_wconf 83' lang='lat' dir='ltr'>confert</span> <span class='ocrx_word' id='word_1_102' title='bbox 551 1227 701 1268; x_wconf 87' lang='lat' dir='ltr'>remedia,</span> <span class='ocrx_word' id='word_1_103' title='bbox 966 1229 1068 1268; x_wconf 84' lang='lat' dir='ltr'>Salus,</span> <span class='ocrx_word' id='word_1_104' title='bbox 1096 1230 1208 1268; x_wconf 77' lang='lat' dir='ltr'>virtus,</span> <span class='ocrx_word' id='word_1_105' title='bbox 1236 1230 1384 1272; x_wconf 81' lang='lat' dir='ltr'>victoria,</span> 
     </span>
     <span class='ocr_line' id='line_1_18' title="bbox 242 1271 1262 1321; baseline 0.007 -18"><span class='ocrx_word' id='word_1_106' title='bbox 242 1271 342 1303; x_wconf 85' lang='lat' dir='ltr'>Stella</span> <span class='ocrx_word' id='word_1_107' title='bbox 367 1282 447 1304; x_wconf 87' lang='lat' dir='ltr'>nova</span> <span class='ocrx_word' id='word_1_108' title='bbox 473 1283 554 1305; x_wconf 88' lang='lat' dir='ltr'>novo</span> <span class='ocrx_word' id='word_1_109' title='bbox 580 1275 645 1305; x_wconf 88' lang='lat' dir='ltr'>sole</span> <span class='ocrx_word' id='word_1_110' title='bbox 921 1276 968 1308; x_wconf 88' lang='lat' dir='ltr'>Sit</span> <span class='ocrx_word' id='word_1_111' title='bbox 995 1278 1062 1308; x_wconf 90' lang='lat' dir='ltr'>eius</span> <span class='ocrx_word' id='word_1_112' title='bbox 1087 1278 1262 1321; x_wconf 86' lang='lat' dir='ltr'>unigenito,</span> 
     </span>
     <span class='ocr_line' id='line_1_19' title="bbox 286 1320 1319 1366; baseline 0.009 -16"><span class='ocrx_word' id='word_1_113' title='bbox 286 1320 376 1351; x_wconf 76' lang='lat' dir='ltr'>Nova</span> <span class='ocrx_word' id='word_1_114' title='bbox 400 1326 528 1360; x_wconf 88' lang='lat' dir='ltr'>generat</span> <span class='ocrx_word' id='word_1_115' title='bbox 553 1322 680 1363; x_wconf 85' lang='lat' dir='ltr'>gaudia.</span> <span class='ocrx_word' id='word_1_116' title='bbox 968 1324 1066 1356; x_wconf 89' lang='lat' dir='ltr'>Sacro</span> <span class='ocrx_word' id='word_1_117' title='bbox 1089 1323 1179 1357; x_wconf 87' lang='lat' dir='ltr'>flatui</span> <span class='ocrx_word' id='word_1_118' title='bbox 1204 1327 1319 1366; x_wconf 77' lang='lat' dir='ltr'>gloria.</span> 
     </span>
    </p>
   </div>
   <div class='ocr_carea' id='block_1_5' title="bbox 185 1424 1491 1497">
    <p class='ocr_par' dir='ltr' id='par_1_5' title="bbox 185 1424 1491 1497">
     <span class='ocr_line' id='line_1_20' title="bbox 257 1424 1491 1462; baseline 0.01 -13"><span class='ocrx_word' id='word_1_119' title='bbox 257 1424 340 1450; x_wconf 83' lang='lat' dir='ltr'>Brev.</span> <span class='ocrx_word' id='word_1_120' title='bbox 362 1433 414 1451; x_wconf 85' lang='lat' dir='ltr'>ms.</span> <span class='ocrx_word' id='word_1_121' title='bbox 430 1425 609 1452; x_wconf 73' lang='lat' dir='ltr'>Senoniense</span> <span class='ocrx_word' id='word_1_122' title='bbox 630 1426 757 1456; x_wconf 68' lang='lat' dir='ltr'>(tlaudii</span> <span class='ocrx_word' id='word_1_123' title='bbox 779 1424 900 1462; x_wconf 88' lang='lat' dir='ltr'>Iacquot</span> <span class='ocrx_word' id='word_1_124' title='bbox 921 1429 955 1455; x_wconf 86' lang='lat' dir='ltr'>de</span> <span class='ocrx_word' id='word_1_125' title='bbox 973 1429 1168 1461; x_wconf 79' lang='lat' dir='ltr'>Chaimoniis›</span> <span class='ocrx_word' id='word_1_126' title='bbox 1187 1433 1256 1458; x_wconf 83' lang='lat' dir='ltr'>anni</span> <span class='ocrx_word' id='word_1_127' title='bbox 1274 1430 1393 1459; x_wconf 84' lang='lat'>1577—</span> <span class='ocrx_word' id='word_1_128' title='bbox 1408 1431 1491 1462; x_wconf 86' lang='lat'>1580.</span> 
     </span>
     <span class='ocr_line' id='line_1_21' title="bbox 185 1461 1180 1497; baseline 0.008 -9"><span class='ocrx_word' id='word_1_129' title='bbox 185 1461 254 1489; x_wconf 86' lang='lat' dir='ltr'>Cod.</span> <span class='ocrx_word' id='word_1_130' title='bbox 277 1462 438 1497; x_wconf 69' lang='lat' dir='ltr'>spinalien.</span> <span class='ocrx_word' id='word_1_131' title='bbox 461 1461 511 1489; x_wconf 84' lang='lat'>161</span> <span class='ocrx_word' id='word_1_132' title='bbox 533 1462 597 1495; x_wconf 76' lang='grc'>(76).</span> <span class='ocrx_word' id='word_1_133' title='bbox 619 1479 654 1482; x_wconf 89' lang='grc'>-</span> <span class='ocrx_word' id='word_1_134' title='bbox 675 1464 701 1492; x_wconf 84' lang='grc'>4</span> <span class='ocrx_word' id='word_1_135' title='bbox 725 1464 737 1491; x_wconf 96' lang='lat' dir='ltr'>l</span> <span class='ocrx_word' id='word_1_136' title='bbox 759 1466 845 1492; x_wconf 79' lang='lat' dir='ltr'>Nato.</span> <span class='ocrx_word' id='word_1_137' title='bbox 869 1482 905 1485; x_wconf 97' lang='lat'><strong>—</strong></span> <span class='ocrx_word' id='word_1_138' title='bbox 926 1466 952 1494; x_wconf 81' lang='grc'><strong>4</strong></span> <span class='ocrx_word' id='word_1_139' title='bbox 974 1465 991 1494; x_wconf 84' lang='grc'>3</span> <span class='ocrx_word' id='word_1_140' title='bbox 1012 1477 1088 1494; x_wconf 78' lang='lat' dir='ltr'>nova</span> <span class='ocrx_word' id='word_1_141' title='bbox 1110 1469 1180 1496; x_wconf 74' lang='lat' dir='ltr'>sole.</span> 
     </span>
    </p>
   </div>
   <div class='ocr_carea' id='block_1_6' title="bbox 596 1642 1054 1685">
    <p class='ocr_par' dir='ltr' id='par_1_6' title="bbox 596 1642 1054 1685">
     <span class='ocr_line' id='line_1_22' title="bbox 596 1642 1054 1685; baseline 0.009 -12"><span class='ocrx_word' id='word_1_142' title='bbox 596 1642 642 1674; x_wconf 81' lang='lat'>59.</span> <span class='ocrx_word' id='word_1_143' title='bbox 688 1643 721 1675; x_wconf 86' lang='lat' dir='ltr'>In</span> <span class='ocrx_word' id='word_1_144' title='bbox 743 1644 945 1685; x_wconf 80' lang='lat' dir='ltr'>Conceptione</span> <span class='ocrx_word' id='word_1_145' title='bbox 968 1647 1054 1678; x_wconf 73' lang='lat' dir='ltr'><strong>BMV.</strong></span> 
     </span>
    </p>
   </div>
   <div class='ocr_carea' id='block_1_7' title="bbox 672 1724 984 1753">
    <p class='ocr_par' dir='ltr' id='par_1_7' title="bbox 672 1724 984 1753">
     <span class='ocr_line' id='line_1_23' title="bbox 672 1724 984 1753; baseline 0.01 -3"><span class='ocrx_word' id='word_1_146' title='bbox 672 1724 721 1750; x_wconf 82' lang='lat' dir='ltr'>Ad</span> <span class='ocrx_word' id='word_1_147' title='bbox 751 1725 984 1753; x_wconf 84' lang='lat' dir='ltr'>Matutinum.</span> 
     </span>
    </p>
   </div>
   <div class='ocr_carea' id='block_1_8' title="bbox 175 1816 1490 2403">
    <p class='ocr_par' dir='ltr' id='par_1_8' title="bbox 175 1816 1490 2403">
     <span class='ocr_line' id='line_1_24' title="bbox 179 1816 1490 1862; baseline 0.011 -14"><span class='ocrx_word' id='word_1_148' title='bbox 179 1816 209 1849; x_wconf 92' lang='lat'>1.</span> <span class='ocrx_word' id='word_1_149' title='bbox 238 1817 353 1856; x_wconf 72' lang='lat' dir='ltr'>Pange,</span> <span class='ocrx_word' id='word_1_150' title='bbox 380 1817 498 1857; x_wconf 77' lang='lat' dir='ltr'>lingua,</span> <span class='ocrx_word' id='word_1_151' title='bbox 525 1818 653 1857; x_wconf 82' lang='lat' dir='ltr'>gloriosi</span> <span class='ocrx_word' id='word_1_152' title='bbox 863 1822 892 1854; x_wconf 87' lang='lat'>3.</span> <span class='ocrx_word' id='word_1_153' title='bbox 921 1822 946 1854; x_wconf 95' lang='grc' dir='ltr'><strong>Ο</strong></span> <span class='ocrx_word' id='word_1_154' title='bbox 973 1832 1064 1861; x_wconf 89' lang='lat' dir='ltr'>quam</span> <span class='ocrx_word' id='word_1_155' title='bbox 1095 1829 1238 1856; x_wconf 86' lang='lat' dir='ltr'>sanctum</span> <span class='ocrx_word' id='word_1_156' title='bbox 1267 1828 1392 1860; x_wconf 87' lang='lat' dir='ltr'>ventris</span> <span class='ocrx_word' id='word_1_157' title='bbox 1410 1838 1490 1862; x_wconf 84' lang='lat' dir='ltr'>onus</span> 
     </span>
     <span class='ocr_line' id='line_1_25' title="bbox 289 1865 1400 1916; baseline 0.011 -21"><span class='ocrx_word' id='word_1_158' title='bbox 289 1865 467 1904; x_wconf 85' lang='lat' dir='ltr'>Conceptus</span> <span class='ocrx_word' id='word_1_159' title='bbox 492 1867 673 1905; x_wconf 85' lang='lat' dir='ltr'>praeconia,</span> <span class='ocrx_word' id='word_1_160' title='bbox 968 1871 1091 1909; x_wconf 82' lang='lat' dir='ltr'>Annae,</span> <span class='ocrx_word' id='word_1_161' title='bbox 1119 1874 1230 1904; x_wconf 87' lang='lat' dir='ltr'>matris</span> <span class='ocrx_word' id='word_1_162' title='bbox 1256 1875 1400 1916; x_wconf 77' lang='lat' dir='ltr'>virginis,</span> 
     </span>
     <span class='ocr_line' id='line_1_26' title="bbox 239 1912 1458 1962; baseline 0.012 -19"><span class='ocrx_word' id='word_1_163' title='bbox 239 1912 334 1944; x_wconf 82' lang='lat' dir='ltr'>Cuius</span> <span class='ocrx_word' id='word_1_164' title='bbox 362 1912 482 1944; x_wconf 83' lang='lat' dir='ltr'>fructus</span> <span class='ocrx_word' id='word_1_165' title='bbox 508 1914 643 1953; x_wconf 85' lang='lat' dir='ltr'>speciosi</span> <span class='ocrx_word' id='word_1_166' title='bbox 921 1918 1019 1957; x_wconf 86' lang='lat' dir='ltr'>Quam</span> <span class='ocrx_word' id='word_1_167' title='bbox 1047 1921 1153 1951; x_wconf 76' lang='lat' dir='ltr'>suavis</span> <span class='ocrx_word' id='word_1_168' title='bbox 1180 1928 1211 1953; x_wconf 88' lang='lat' dir='ltr'>et</span> <span class='ocrx_word' id='word_1_169' title='bbox 1237 1931 1331 1962; x_wconf 87' lang='lat' dir='ltr'>quam</span> <span class='ocrx_word' id='word_1_170' title='bbox 1357 1924 1458 1957; x_wconf 89' lang='lat' dir='ltr'>bonus</span> 
     </span>
     <span class='ocr_line' id='line_1_27' title="bbox 284 1961 1371 2005; baseline 0.01 -14"><span class='ocrx_word' id='word_1_171' title='bbox 284 1961 400 2001; x_wconf 83' lang='lat' dir='ltr'>Agitur</span> <span class='ocrx_word' id='word_1_172' title='bbox 425 1962 587 2003; x_wconf 78' lang='lat' dir='ltr'>memoria,</span> <span class='ocrx_word' id='word_1_173' title='bbox 969 1966 1107 1998; x_wconf 80' lang='lat' dir='ltr'>Fructus</span> <span class='ocrx_word' id='word_1_174' title='bbox 1133 1969 1206 2000; x_wconf 87' lang='lat' dir='ltr'>talis</span> <span class='ocrx_word' id='word_1_175' title='bbox 1233 1968 1371 2005; x_wconf 82' lang='lat' dir='ltr'>feminis</span> 
     </span>
     <span class='ocr_line' id='line_1_28' title="bbox 240 2008 1419 2063; baseline 0.011 -24"><span class='ocrx_word' id='word_1_176' title='bbox 240 2008 303 2040; x_wconf 88' lang='lat' dir='ltr'>Per</span> <span class='ocrx_word' id='word_1_177' title='bbox 328 2018 419 2048; x_wconf 87' lang='lat' dir='ltr'>quam</span> <span class='ocrx_word' id='word_1_178' title='bbox 446 2013 547 2040; x_wconf 85' lang='lat' dir='ltr'>status</span> <span class='ocrx_word' id='word_1_179' title='bbox 572 2010 719 2056; x_wconf 72' lang='lat' dir='ltr'>gaudiosi</span> <span class='ocrx_word' id='word_1_180' title='bbox 922 2013 990 2052; x_wconf 89' lang='lat' dir='ltr'>Quo</span> <span class='ocrx_word' id='word_1_181' title='bbox 1017 2015 1095 2046; x_wconf 83' lang='lat' dir='ltr'>caeli</span> <span class='ocrx_word' id='word_1_182' title='bbox 1122 2017 1266 2056; x_wconf 87' lang='lat' dir='ltr'>repletur</span> <span class='ocrx_word' id='word_1_183' title='bbox 1291 2020 1419 2063; x_wconf 86' lang='lat' dir='ltr'>chorus,</span> 
     </span>
     <span class='ocr_line' id='line_1_29' title="bbox 292 2056 1353 2103; baseline 0.011 -16"><span class='ocrx_word' id='word_1_184' title='bbox 292 2056 393 2088; x_wconf 84' lang='lat' dir='ltr'>Nobis</span> <span class='ocrx_word' id='word_1_185' title='bbox 420 2057 537 2089; x_wconf 84' lang='lat' dir='ltr'>dantur</span> <span class='ocrx_word' id='word_1_186' title='bbox 561 2059 712 2097; x_wconf 89' lang='lat' dir='ltr'>praemia.</span> <span class='ocrx_word' id='word_1_187' title='bbox 969 2061 1057 2093; x_wconf 84' lang='lat' dir='ltr'>Labe</span> <span class='ocrx_word' id='word_1_188' title='bbox 1082 2064 1173 2102; x_wconf 89' lang='lat' dir='ltr'>pulsa</span> <span class='ocrx_word' id='word_1_189' title='bbox 1201 2066 1353 2103; x_wconf 82' lang='lat' dir='ltr'>criminis.</span> 
     </span>
     <span class='ocr_line' id='line_1_30' title="bbox 175 2161 1341 2208; baseline 0.01 -15"><span class='ocrx_word' id='word_1_190' title='bbox 175 2161 207 2193; x_wconf 89' lang='lat'>2.</span> <span class='ocrx_word' id='word_1_191' title='bbox 235 2161 339 2201; x_wconf 83' lang='lat' dir='ltr'>Regia</span> <span class='ocrx_word' id='word_1_192' title='bbox 365 2162 476 2193; x_wconf 90' lang='lat' dir='ltr'>domus</span> <span class='ocrx_word' id='word_1_193' title='bbox 502 2167 633 2202; x_wconf 86' lang='lat' dir='ltr'>accepta</span> <span class='ocrx_word' id='word_1_194' title='bbox 863 2167 896 2197; x_wconf 90' lang='lat'>4.</span> <span class='ocrx_word' id='word_1_195' title='bbox 923 2165 1010 2196; x_wconf 72' lang='lat' dir='ltr'>Nutu</span> <span class='ocrx_word' id='word_1_196' title='bbox 1037 2166 1097 2198; x_wconf 82' lang='lat' dir='ltr'>Dei</span> <span class='ocrx_word' id='word_1_197' title='bbox 1123 2171 1241 2208; x_wconf 85' lang='lat' dir='ltr'>pendet</span> <span class='ocrx_word' id='word_1_198' title='bbox 1267 2182 1341 2206; x_wconf 89' lang='lat' dir='ltr'>rosa</span> 
     </span>
     <span class='ocr_line' id='line_1_31' title="bbox 283 2210 1237 2258; baseline 0.01 -17"><span class='ocrx_word' id='word_1_199' title='bbox 283 2210 385 2241; x_wconf 89' lang='lat' dir='ltr'>Fonti</span> <span class='ocrx_word' id='word_1_200' title='bbox 409 2210 596 2251; x_wconf 82' lang='lat' dir='ltr'>sapientiae,</span> <span class='ocrx_word' id='word_1_201' title='bbox 971 2213 1079 2246; x_wconf 90' lang='lat' dir='ltr'>Sterili</span> <span class='ocrx_word' id='word_1_202' title='bbox 1106 2219 1237 2258; x_wconf 90' lang='lat' dir='ltr'>rosario,</span> 
     </span>
     <span class='ocr_line' id='line_1_32' title="bbox 233 2257 1327 2318; baseline 0.014 -31"><span class='ocrx_word' id='word_1_203' title='bbox 233 2257 293 2296; x_wconf 87' lang='lat' dir='ltr'>Qui</span> <span class='ocrx_word' id='word_1_204' title='bbox 327 2258 448 2289; x_wconf 79' lang='lat' dir='ltr'>ventris</span> <span class='ocrx_word' id='word_1_205' title='bbox 474 2258 605 2290; x_wconf 78' lang='lat' dir='ltr'>intravit</span> <span class='ocrx_word' id='word_1_206' title='bbox 631 2263 743 2298; x_wconf 89' lang='lat' dir='ltr'>saepta</span> <span class='ocrx_word' id='word_1_207' title='bbox 922 2261 1012 2293; x_wconf 88' lang='lat' dir='ltr'>Labe</span> <span class='ocrx_word' id='word_1_208' title='bbox 1038 2271 1173 2318; x_wconf 81' lang='lat' dir='ltr'>purgata</span> <span class='ocrx_word' id='word_1_209' title='bbox 1198 2267 1327 2307; x_wconf 87' lang='lat' dir='ltr'>leprosa</span> 
     </span>
     <span class='ocr_line' id='line_1_33' title="bbox 286 2305 1345 2359; baseline 0.013 -23"><span class='ocrx_word' id='word_1_210' title='bbox 286 2305 430 2345; x_wconf 88' lang='lat' dir='ltr'>Virginis</span> <span class='ocrx_word' id='word_1_211' title='bbox 456 2307 599 2344; x_wconf 85' lang='lat' dir='ltr'>eximiae,</span> <span class='ocrx_word' id='word_1_212' title='bbox 971 2309 1098 2343; x_wconf 75' lang='lat' dir='ltr'>Ventris</span> <span class='ocrx_word' id='word_1_213' title='bbox 1123 2313 1154 2345; x_wconf 90' lang='lat' dir='ltr'>in</span> <span class='ocrx_word' id='word_1_214' title='bbox 1181 2317 1345 2359; x_wconf 76' lang='lat' dir='ltr'>stercidjo‚</span> 
     </span>
     <span class='ocr_line' id='line_1_34' title="bbox 230 2353 1365 2403; baseline 0.013 -18"><span class='ocrx_word' id='word_1_215' title='bbox 230 2353 338 2385; x_wconf 87' lang='lat' dir='ltr'>Arido</span> <span class='ocrx_word' id='word_1_216' title='bbox 365 2359 476 2386; x_wconf 81' lang='lat' dir='ltr'>ventre</span> <span class='ocrx_word' id='word_1_217' title='bbox 503 2359 657 2395; x_wconf 87' lang='lat' dir='ltr'>concepta</span> <span class='ocrx_word' id='word_1_218' title='bbox 921 2357 1080 2398; x_wconf 86' lang='lat' dir='ltr'>Rubigine</span> <span class='ocrx_word' id='word_1_219' title='bbox 1106 2371 1265 2403; x_wconf 88' lang='lat' dir='ltr'>nunquam</span> <span class='ocrx_word' id='word_1_220' title='bbox 1291 2376 1365 2400; x_wconf 89' lang='lat' dir='ltr'>rosa</span> 
     </span>
    </p>
   </div>
   <div class='ocr_carea' id='block_1_9' title="bbox 282 2402 1259 2447">
    <p class='ocr_par' dir='ltr' id='par_1_9' title="bbox 282 2402 1259 2447">
     <span class='ocr_line' id='line_1_35' title="bbox 282 2402 1259 2447; baseline 0.012 -15"><span class='ocrx_word' id='word_1_221' title='bbox 282 2402 492 2434; x_wconf 82' lang='lat' dir='ltr'>Praedicatnr</span> <span class='ocrx_word' id='word_1_222' title='bbox 516 2403 623 2437; x_wconf 87' lang='lat' dir='ltr'>hodie.</span> <span class='ocrx_word' id='word_1_223' title='bbox 974 2406 1029 2438; x_wconf 58' lang='lat' dir='ltr'>iel</span> <span class='ocrx_word' id='word_1_224' title='bbox 1056 2408 1144 2441; x_wconf 85' lang='lat' dir='ltr'>letali</span> <span class='ocrx_word' id='word_1_225' title='bbox 1169 2412 1259 2447; x_wconf 76' lang='lat' dir='ltr'>vitio.</span> 
     </span>
    </p>
   </div>
  </div>
 </body>
</html>
