1653 2656
740 135 998 170 —174—

435 236 467 268 6.
494 236 647 267 Astantes
672 235 780 266 releva
804 232 976 273 multiplici
1003 239 1110 271 prece,

493 283 619 314 Pondus
645 291 723 322 quos
749 282 904 313 scelerum
930 280 1089 320 adgravat
1115 276 1265 316 undique,

491 332 612 363 Iunctis
640 330 806 370 discipulis
832 334 927 368 atque
952 326 1116 359 sodalibus

494 379 655 412 Christum
683 386 778 418 posce
804 377 863 408 tibi
889 385 948 417 pro
975 373 1214 407 famulantibus,

440 456 469 487 7.
499 457 567 488 Hoc
593 459 735 495 praestet
761 454 886 493 genitor
911 461 980 484 cum
1006 451 1112 491 genito
1139 449 1225 481 Deus

493 503 658 535 Ambobus
684 502 797 533 similis
823 506 918 540 atque
944 499 1130 540 paraclitus,

494 551 552 582 Cui
578 551 647 581 laus
674 556 720 581 est
747 554 779 580 et
804 549 906 580 honor
931 556 1053 588 parque
1078 546 1223 586 potentia

494 599 592 630 Trino
618 597 808 633 nominibus,
835 605 897 636 quo
924 595 1006 636 regit
1028 595 1144 626 omnia.

295 674 376 700 ssffic.
405 683 457 700 ms.
479 673 506 699 5.
538 673 682 708 hidulphi
712 681 787 699 saec,
812 670 856 698 15.
883 670 954 698 Cod.
979 669 1144 706 Spinalien.
1164 666 1202 695 82
1227 665 1313 700 (130).
1335 681 1371 686 -
1393 667 1450 693 Die
1479 667 1532 693 Hs.

220 718 337 740 stammt
357 712 437 739 nicht
458 720 510 738 aus
531 712 595 738 dem
611 711 702 738 Jahre
727 707 807 741 1562,
829 709 937 736 welche
952 708 1024 735 Zahl
1046 717 1103 734 von
1124 708 1255 743 spiiterer
1271 705 1356 733 Haud
1378 706 1460 732 einer
1481 704 1533 731 der

218 752 356 778 initialen
377 750 436 781 (fol.
461 750 513 781 lb)
533 749 750 784 eingezeichnet
772 748 878 775 wurde.

626 871 692 901 298.
733 870 775 900 De
796 871 904 899 sancto
926 868 1124 906 Hieronymo.

717 930 766 956 Ad
793 929 1026 955 Matutinum.

218 1001 249 1033 1.
276 1000 393 1039 Magne
419 1005 521 1039 pater,
549 998 661 1029 doctor
687 997 783 1029 orbis.
902 998 934 1030 3.
961 996 1008 1027 Tu
1035 1004 1069 1026 es
1094 1003 1207 1026 norma
1232 993 1428 1034 paenitendi,

324 1048 421 1078 Beate
448 1047 613 1084 leronime,
1009 1044 1108 1082 Quam
1135 1048 1310 1082 sequuntur
1336 1041 1481 1081 humiles,

276 1095 345 1126 Lux
372 1094 543 1133 refulgens,
571 1094 620 1124 leo
647 1092 749 1130 fortis,
961 1091 1076 1122 Sacras
1102 1091 1187 1131 leges
1214 1090 1272 1121 das
1297 1089 1426 1120 vivendi

325 1143 472 1173 Virorum
499 1141 708 1178 sanctissime,
1010 1139 1053 1169 Et
1078 1138 1146 1169 Deo
1173 1137 1359 1177 placabiles,

278 1190 344 1221 Nos
370 1190 402 1220 in
429 1190 495 1220 vias
520 1194 592 1220 tuae
616 1188 721 1225 sortis,
962 1187 1063 1217 Actus
1091 1194 1164 1216 vere
1191 1184 1347 1224 diligendi

325 1238 370 1268 Te
396 1245 572 1276 precamur,
601 1236 712 1274 dirige.
1010 1233 1112 1264 Deum
1138 1233 1274 1272 praebes
1299 1232 1405 1265 utileS.

223 1315 255 1346 2.
282 1314 327 1344 Te
353 1313 515 1346 collaudat
540 1312 631 1351 plebs
657 1311 772 1352 fidelis,
905 1313 937 1342 4.
972 1309 1040 1340 Tua
1065 1308 1182 1348 probat
1209 1309 1404 1348 Augustinus

326 1361 465 1392 Miratur
490 1361 634 1402 insignia,
1002 1358 1139 1396 scripta,
1167 1363 1259 1396 pater
1284 1357 1425 1394 inclitus,

283 1409 327 1440 Et
352 1408 529 1447 triumphas
556 1417 639 1438 nunc
664 1408 695 1438 in
723 1406 819 1437 caelis
967 1405 1042 1435 Post
1070 1405 1150 1435 hanc
1176 1405 1279 1434 lucem
1306 1404 1451 1434 visitatus

330 1456 406 1488 Cum
432 1456 551 1487 sanctis
576 1456 608 1486 in
631 1455 742 1494 gloria.
1010 1455 1040 1484 A
1067 1458 1109 1493 te,
1136 1458 1209 1491 post
1235 1451 1313 1482 haec
1340 1451 1482 1483 caelitus.

281 1503 509 1543 Expavescunt
534 1508 565 1534 te
590 1504 622 1534 in
649 1503 743 1533 terris
969 1500 1009 1534 Ut
1037 1500 1201 1531 amborum
1225 1498 1298 1530 fiam
1324 1508 1445 1540 servus,

329 1551 445 1582 Hostes
471 1555 501 1582 et
526 1551 701 1582 daemonia.
1013 1548 1058 1579 Te
1084 1556 1198 1587 precor
1224 1547 1384 1578 humilius.

569 1630 600 1659 5.
628 1627 746 1665 Regem
774 1635 880 1664 regum
909 1624 1117 1664 deprecemur

672 1674 847 1705 lubilantes
874 1672 1004 1704 vocibus
1021 1683 1027 1709 3

629 1722 672 1755 Ut
698 1724 729 1752 in
755 1721 852 1752 caelis
879 1720 1071 1751 collocemur

675 1769 751 1800 Cum
779 1768 930 1801 fraternis
957 1769 1091 1804 civibus,

626 1817 811 1848 Advocatus
835 1817 926 1847 nobis
950 1816 1043 1847 detur

676 1865 792 1896 Beatus
819 1865 1006 1896 leronimuS.

302 1943 387 1969 BreV.
410 1942 580 1969 Arelatense
603 1942 670 1976 imp.
692 1940 804 1967 Arelati
828 1938 908 1967 1501.

582 2062 649 2093 299.
692 2063 732 2093 De
753 2070 777 2092 s.
799 2061 925 2101 lingone
946 2060 1170 2091 Lincolniense.

687 2123 738 2150 Ad
767 2123 1069 2150 Processionem.

442 2192 548 2230 Salve,
576 2190 658 2223 festa
684 2191 763 2229 dies,
790 2194 856 2222 toto
883 2189 1076 2221 venerabilis
1103 2199 1192 2225 aevo,

490 2244 557 2280 Qua
583 2245 675 2280 pater
701 2240 802 2271 almus
830 2238 921 2279 Hugo
948 2238 1067 2270 caelica
1094 2247 1191 2278 regna
1215 2239 1312 2273 subit.

441 2289 503 2320 Hic
528 2288 638 2319 titulos
664 2297 786 2319 morum
812 2287 917 2318 varios
943 2286 1100 2318 scandens
1127 2293 1157 2317 et
1184 2288 1350 2326 honorum,

491 2337 633 2377 Corpore
660 2337 734 2368 dum
761 2335 870 2376 viguit,
897 2335 986 2366 sidus
1012 2334 1045 2365 in
1071 2335 1148 2366 orbe
1174 2334 1244 2378 fuit,

383 2389 413 2419 5.
442 2385 620 2418 eanonicus
645 2385 795 2424 primum,
822 2383 994 2415 monachus
1020 2388 1093 2422 post
1117 2392 1154 2415 ac
1180 2385 1323 2427 eremita,

488 2433 543 2465 Bis
570 2433 659 2473 prior
683 2437 714 2464 et
740 2432 866 2464 demum
891 2430 1096 2472 pontificatur
1120 2431 1175 2465 ita.
