1653 2656
698 161 958 197 —276—

507 264 538 296 7.
565 262 614 294 Tu
639 264 706 292 esto
730 258 822 291 nobis
845 256 1008 298 gaudium,

570 310 632 342 Per
657 308 743 340 cuius
769 305 955 338 beneficium

570 358 743 397 Tamquam
770 364 841 386 rosa
868 353 918 385 vel
945 352 1047 384 lilium

619 403 809 437 Reflorescit
835 403 866 433 in
893 400 990 434 Maio.

248 525 334 552 Brev.
357 523 385 550 S.
409 521 542 556 Quintini
564 517 805 546 viromandensis
827 514 895 551 imp.
916 515 1027 549 absque
1051 508 1162 549 [1520]-

575 726 641 758 462.
682 726 723 756 De
746 726 854 755 saneta
877 720 1075 761 Radegunde.

416 839 447 870 1.
474 837 610 874 Christe,
638 838 823 866 cunctorum
849 836 937 864 sator
963 835 995 862 et
1022 829 1219 869 redemptor,

474 885 631 923 Siderum,
658 888 763 914 &errae
788 881 884 912 maris
908 884 1003 919 atque
1028 881 1144 918 rector,

475 932 620 965 Omnium
645 931 758 962 laudes
784 929 843 960 tibi
870 930 1097 968 personantum

580 979 674 1011 Solve
701 982 834 1009 reatum.

418 1097 449 1128 2.
478 1094 560 1125 Vase
586 1093 640 1133 qui
665 1101 804 1132 gemmas
831 1090 939 1130 fragili
966 1089 1126 1128 recondis,

483 1141 613 1172 Viribus
640 1139 728 1171 fusas
754 1139 859 1170 animo
888 1138 1023 1178 pudicas

482 1189 631 1221 Feminas
657 1187 797 1218 reddens
823 1185 1008 1225 faciensque
1035 1185 1140 1216 claros

579 1236 679 1267 Ferre
705 1234 894 1273 triumphos,

425 1353 456 1385 3.
483 1353 566 1391 Quas
592 1355 623 1380 et
648 1351 679 1381 in
709 1359 785 1380 sexu
811 1348 941 1388 fragiles
969 1347 1113 1379 videmus

483 1399 722 1437 Praerogativas
748 1397 852 1428 meriti
879 1405 1010 1427 coronas

480 1447 604 1479 Incolas
631 1445 719 1485 regni
745 1444 820 1476 facit
847 1448 878 1475 et
904 1451 1059 1483 perennes

596 1494 675 1525 Esse
702 1492 842 1534 superni.

427 1610 458 1642 4.
489 1609 564 1640 Cum
592 1608 705 1648 quibus
731 1613 841 1647 regnat
867 1607 1074 1646 Radegundis
1100 1606 1194 1643 alma,

485 1657 632 1688 Inclitum
659 1657 745 1686 cuius
772 1656 803 1686 in
830 1655 948 1686 honore
976 1653 1090 1685 festum

486 1704 594 1735 Mente
622 1704 735 1734 devota
762 1703 954 1734 celebrando
981 1703 1094 1742 dignas

586 1752 741 1783 Carminis
765 1751 842 1782 odas

431 1870 461 1899 5.
488 1866 574 1904 Quae
600 1874 655 1896 suo
681 1864 772 1896 nobis
799 1865 920 1896 veniam
948 1868 1081 1903 precatu

489 1915 641 1953 Impetret
669 1917 756 1944 casto
783 1914 953 1944 comitante
981 1917 1072 1944 coetu

489 1963 595 2000 Atque
622 1961 789 1992 caelestem
816 1961 951 1991 reticere
977 1969 1083 1991 seeum

588 2009 732 2040 Postulet
757 2017 875 2041 arcem.

432 2127 462 2158 6.
493 2124 575 2156 Laus
602 2124 687 2163 patri
713 2133 834 2154 summo
860 2124 1029 2163 genitoque
1056 2133 1131 2156 vero

492 2172 631 2204 Flamini
656 2180 777 2203 necnon
802 2171 841 2203 ab
868 2176 1001 2211 utroque
1027 2171 1108 2208 suso.

493 2221 540 2253 Sit
567 2221 635 2252 laus
661 2228 787 2261 perpeS,
816 2220 916 2251 honor
941 2224 1036 2260 atque
1063 2222 1162 2253 virtus

591 2268 690 2300 Omne
716 2277 774 2307 per
799 2277 922 2299 aevum.

272 2395 356 2422 Brev.
379 2395 568 2421 Xantonense
596 2393 665 2427 imp.
688 2392 771 2419 Picta
791 2391 834 2419 vii
858 2391 939 2419 1542.
971 2408 1007 2412 —
1030 2392 1054 2423 1,
1077 2393 1094 2419 ἰῖ
1115 2404 1271 2430 personam
1294 2398 1365 2422 tum.
1388 2410 1424 2414 —
1445 2394 1472 2426 4,
1494 2394 1513 2422 4

193 2435 275 2500 {tat}
289 2431 433 2498 Carnliinis
455 2432 525 2458 odas
547 2433 585 2458 ist
604 2431 682 2458 wohl
699 2432 746 2458 ein
761 2431 890 2458 Verbum
905 2433 943 2458 im
960 2432 1048 2459 Sinne
1064 2442 1121 2460 von
1136 2435 1280 2467 Dicimus,
1295 2435 1428 2461 canimus
1443 2434 1513 2462 oder

214 2482 284 2509 erg.
306 2481 342 2498 zu
375 2479 451 2498 esen.
