1653 2656
690 137 948 172 -294-

168 245 200 277 3.
228 241 352 279 Gaude,
382 238 458 272 felix
486 237 713 276 Brundusium,
855 237 887 267 4.
913 234 1059 272 Praesta,
1085 233 1179 270 pater
1203 228 1358 270 piissime,

226 290 329 322 Huius
356 288 491 320 ditatum
519 294 663 326 corpore,
916 281 960 314 Ut
985 279 1077 311 huius
1102 277 1207 310 sancti
1232 276 1356 308 meritis

228 338 322 370 Cuius
353 340 387 367 tu
412 334 592 376 patrocinio
917 331 946 361 A
972 328 1096 360 cunctis
1122 326 1250 358 solvens
1275 323 1379 356 noxiis

228 385 337 418 Hostis
363 393 425 415 non
452 384 544 414 times
570 381 684 414 iacula.
917 377 984 408 Nos
1009 376 1122 415 iungas
1147 373 1268 406 sanctis
1294 371 1427 403 civibus.

597 471 629 500 5.
657 467 726 499 Deo
751 465 837 506 patri
862 465 902 496 sit
929 463 1041 503 gloria.

246 566 353 594 officia
376 569 545 592 sanctorum
569 565 758 599 patronorum
780 561 923 588 ecclesiae
943 555 1159 586 Brundusinae.
1180 556 1292 583 Romae
1315 551 1396 581 1583.

565 703 632 733 ⁴95.
675 702 715 732 De
737 710 760 732 s.
782 700 897 731 Thema
918 698 1083 738 Aquinate.

703 763 742 789 In
773 761 975 789 Laudibus.

173 848 203 879 1.
230 845 352 883 Ortum,
380 844 474 874 vitam
503 847 533 872 et
557 841 676 873 exitum
856 840 886 870 3.
914 837 1056 870 Innotuit
1081 836 1222 874 oraculo,

232 893 339 924 Sancti
365 892 505 922 Thomae
530 889 677 930 prodigia
915 885 1026 917 Gloria
1052 888 1170 924 quanta
1195 882 1386 923 praeminet,

233 940 439 979 Comitantur‚
468 946 547 977 quae
573 937 718 967 meritum
915 934 1013 972 Quem
1038 932 1252 972 praemiorum
1279 929 1404 961 cumulo

231 988 412 1020 Monstrant
440 986 481 1017 ad
508 985 588 1016 caeli
612 983 764 1023 praemia.
915 981 1074 1020 Seraphin
1099 980 1179 1011 ordo
1205 979 1358 1010 continet.

177 1076 209 1106 2.
236 1073 432 1111 Augustinus
458 1072 489 1102 in
516 1070 618 1110 gloria
860 1068 892 1099 4.
921 1067 973 1098 Ad
1000 1066 1160 1097 Christum
1187 1075 1245 1104 pro
1271 1064 1436 1096 laboribus

234 1121 329 1152 Hunc
355 1119 415 1150 sibi
439 1127 546 1158 parem
574 1117 753 1157 praedicat,
921 1114 1003 1146 Dum
1030 1114 1146 1152 migrat
1173 1114 1285 1144 doctor
1310 1111 1430 1153 populi,

239 1167 303 1199 Sed
328 1167 479 1198 Thomam
507 1164 702 1200 castimonia,
921 1161 1094 1202 Migrantis
1120 1161 1198 1192 tacti
1223 1160 1360 1200 pedibus

239 1215 279 1246 Se
305 1215 399 1245 mitra
425 1214 496 1253 plus
523 1211 695 1251 dignificat.
924 1209 1148 1241 Illuminantur
1173 1208 1267 1239 oculi.

531 1301 562 1329 5.
591 1298 639 1328 Sit
667 1296 751 1336 patri
784 1296 852 1327 laus
876 1304 914 1326 ac
940 1295 1046 1334 genito

590 1344 757 1383 Simulque
785 1346 896 1374 sancto
921 1341 1050 1379 flamini,

591 1392 649 1432 Qui
675 1391 778 1422 sancti
803 1391 943 1422 Thomae
968 1390 1081 1420 merito

592 1440 658 1471 Nos
685 1439 766 1470 caeli
791 1439 921 1479 iungant
947 1437 1075 1477 agmini.

255 1526 382 1562 Legend.
411 1534 462 1552 ms,
493 1526 644 1552 Laurentii
674 1523 784 1550 Odonis
814 1524 970 1558 Lim-open.
998 1531 1072 1549 saec.
1103 1520 1175 1548 ¹⁴55.
1201 1521 1271 1548 C'od.
1299 1520 1442 1548 Dresden.
1470 1520 1495 1546 A

182 1564 242 1592 182.
271 1566 303 1591 Α,
332 1579 369 1583 -
397 1564 477 1591 Orat.
507 1572 559 1589 nis.
581 1565 743 1597 campense
772 1563 841 1588 anni
872 1560 950 1588 1462.
974 1561 1042 1588 Cod.
1064 1560 1280 1587 Darmstadien.
1307 1558 1372 1586 521.
1395 1560 1427 1585 B.
1453 1572 1486 1576 —-

178 1604 267 1630 Psalt.
295 1606 321 1630 et
348 1603 445 1637 hymn.
479 1611 530 1628 ms.
553 1602 581 1628 S.
604 1601 785 1627 Katharinae
807 1600 984 1627 Divoduren.
1007 1608 1080 1626 saec.
1105 1597 1148 1625 15.
1172 1598 1240 1625 Cod.
1262 1599 1397 1624 Vatican.
1420 1606 1442 1623 s.
1463 1605 1492 1623 n.

177 1642 226 1672 tol.
256 1640 306 1668 121
329 1639 373 1672 4⁰}
393 1642 425 1667 C.
449 1655 481 1658 -—
505 1638 537 1667 3,
565 1638 582 1665 4
604 1640 638 1665 111
660 1638 813 1673 Seraphim
836 1639 867 1664 B.
893 1652 927 1656 —-
949 1637 980 1665 4,
1007 1635 1025 1663 3
1044 1638 1185 1672 Migranti
1208 1638 1240 1663 B.
1261 1651 1299 1655 —
1319 1635 1351 1669 5,
1376 1635 1388 1662 1
1412 1636 1493 1662 Laus

185 1681 261 1715 patri
283 1682 321 1706 sit
343 1681 374 1706 B.

571 1779 639 1810 496.
684 1779 724 1812 Do
751 1788 774 1810 s.
797 1779 910 1809 Thomu
932 1779 1094 1818 Aquinate.

184 1874 214 1904 1.
244 1872 361 1911 Pange,
388 1871 506 1910 lingua,
534 1870 663 1910 gloriosi
872 1870 903 1902 3.
932 1869 1013 1900 Nam
1040 1877 1108 1899 cum
1136 1877 1247 1900 sacrae
1268 1878 1384 1908 corpus
1403 1877 1499 1900 cenae

291 1919 456 1959 Dogmatis
483 1918 667 1957 mysterium
979 1917 1210 1957 Descripsisset
1238 1916 1392 1948 fratribus

246 1967 287 1998 Et
314 1966 433 2006 Aquini
460 1966 603 2006 pretiosi,
936 1965 1040 2006 Panis,
1067 1965 1132 1996 viui
1160 1965 1309 1997 substans
1335 1965 1431 2004 plene

291 2016 388 2054 Quem
417 2014 449 2045 in
476 2014 576 2045 lucem
605 2014 743 2053 gentium
980 2012 1062 2044 Solis
1088 2013 1327 2046 accidentibus:

248 2063 355 2093 Instar
381 2062 457 2093 solis
484 2061 604 2093 radiosi
934 2061 982 2092 De
999 2069 1060 2101 me,
1086 2061 1217 2102 Thoma,
1237 2061 1391 2100 scriptum
1411 2061 1504 2103 bene,

291 2110 361 2142 Rex
387 2110 533 2141 accendit
561 2110 710 2150 gentium.
983 2108 1067 2140 Crux
1095 2107 1218 2140 afflavit
1243 2109 1385 2142 auribus.

181 2194 226 2229 2.
250 2196 370 2228 Nostro
398 2196 502 2234 datus,
529 2200 638 2227 nostro
664 2199 758 2226 natus
876 2197 908 2228 4.
936 2195 1046 2227 Verbo
1072 2196 1155 2227 vitae
1182 2196 1322 2228 Verbum
1349 2205 1459 2228 verum

297 2244 436 2276 Thomas
462 2248 508 2275 est
535 2244 566 2275 in
594 2243 706 2274 ordine
983 2243 1120 2275 Thomas
1147 2254 1274 2285 semper
1300 2244 1411 2283 efficit,

248 2292 289 2324 Et
318 2293 349 2323 in
377 2292 495 2323 scholis
521 2296 726 2323 conservatus
937 2291 1014 2323 Eius
1040 2292 1142 2332 stylus
1170 2293 1263 2325 dulce
1290 2303 1411 2325 merum

300 2340 418 2381 Sparso
445 2340 534 2372 verbi
562 2340 690 2377 semine,
984 2340 1052 2371 Nec
1078 2350 1097 2372 a
1122 2340 1186 2372 fide
1212 2342 1331 2379 deficit,

250 2388 305 2420 Sui
332 2389 470 2428 palmam
499 2389 682 2420 doctoratus
936 2388 989 2420 Ad
1017 2389 1194 2421 docendum
1220 2399 1275 2423 cor
1299 2391 1459 2422 sincerum

296 2436 382 2468 Miro
407 2437 480 2468 tulit
506 2437 620 2469 omine.
985 2436 1077 2470 Solus
1103 2437 1242 2471 Thomas
1269 2437 1402 2472 sufficit.
