1653 2656
683 161 944 196 —262—

328 259 448 298 Gloria,
476 268 596 291 summe
621 263 722 301 pater,
750 258 809 290 tibi
835 258 886 294 sit.
913 258 967 298 qui
994 261 1107 290 cuncta
1132 257 1302 300 gubernas,

374 307 419 339 Sit
447 307 505 339 tibi
532 308 600 339 laus
626 311 657 338 et
684 307 792 348 honor,
820 306 933 346 gloria,
960 314 1081 337 summe
1108 309 1209 345 pater.

327 355 373 386 Sit
401 355 469 395 tibi,
500 355 637 394 Christe,
665 355 760 393 salus,
789 355 889 385 virtus
916 362 974 395 per
1000 354 1128 386 saecula
1154 357 1277 397 cuncta,

375 403 521 435 Flumine
549 413 618 434 cum
645 406 755 434 sancto
781 403 823 434 sit
850 402 920 442 tibi,
949 402 1085 444 Christe,
1113 402 1209 435 salus.

232 488 364 514 passion.
393 497 444 514 ms.
472 496 546 514 saec.
579 486 619 514 12.
643 488 711 514 Cod.
736 486 868 514 Vatican.
899 485 978 514 1190.
1008 487 1075 514 add.
1097 496 1173 514 saec.
1197 485 1270 514 ¹2l18.
1291 501 1327 506 —
1351 486 1365 514 1
1388 486 1472 514 Sum-

159 536 212 553 me.
236 542 270 546 —
296 525 329 552 19
351 526 437 552 Salve
460 526 603 560 chelydre.
629 542 659 545 —
683 525 719 552 20
741 526 822 552 salve
846 525 992 560 chelydre.
1016 540 1050 544 —>
1075 524 1112 553 24
1133 526 1230 554 alitor.

539 694 606 724 438.
650 695 689 724 De
711 702 734 724 s.
757 693 882 725 Nicolao
904 694 1086 735 Peregrina.

677 764 726 790 Ad
754 764 946 799 vesperas.

160 851 191 883 1.
219 850 368 882 Exsultet
394 851 513 882 caelum
541 851 699 890 laudibus,
841 854 872 885 4.
900 853 935 883 In
965 853 1067 884 crucis
1094 853 1189 884 laude
1214 853 1328 885 iubilat

217 898 330 937 Fulget
357 902 443 930 terra
471 899 651 937 virtutibus,
899 900 1018 938 Mente,
1046 910 1139 940 quam
1165 910 1260 933 manu
1287 902 1417 944 baiulat,

216 945 298 976 Colit
328 950 429 977 mater
455 947 589 978 ecclesia
900 948 1009 979 Crucis
1037 949 1137 980 virtus
1165 953 1212 980 est
1238 950 1350 989 gloria,

214 993 340 1024 Nicolai
366 994 540 1027 sollemnia.
900 995 983 1026 Laus
1011 999 1041 1027 et
1068 997 1134 1027 eius
1160 997 1305 1029 victoria.

155 1079 185 1111 2.
214 1078 328 1109 Castus
353 1078 393 1110 ab
420 1079 510 1110 annis
536 1080 654 1110 teneris
840 1084 871 1113 5.
900 1081 994 1113 Iacob
1021 1091 1184 1113 assumens
1210 1083 1358 1114 baculum

213 1125 389 1165 Mundique
415 1127 532 1165 spretis
558 1128 732 1166 prosperis,
899 1129 1044 1160 Iordanis
1071 1131 1187 1161 transit
1208 1131 1356 1173 loculum,

216 1173 342 1212 Pauper
368 1172 470 1204 factus
496 1184 555 1214 pro
582 1184 722 1214 paupere
898 1177 1041 1216 Tempsit
1067 1178 1188 1209 athleta
1214 1178 1372 1219 perfidum

215 1220 341 1252 Christo
367 1221 488 1252 ditatur
513 1222 651 1253 aethere.
898 1224 1029 1255 Hostem
1056 1226 1171 1256 stravit
1197 1230 1229 1257 et
1254 1228 1427 1260 saeculum.

157 1307 187 1339 3.
217 1305 317 1336 Nocte
344 1306 511 1338 discedens
537 1307 657 1338 laribus
840 1312 870 1342 ti.
899 1310 923 1341 Ο
950 1311 1062 1340 summi
1089 1312 1171 1351 regis
1197 1311 1341 1351 signifer,

218 1353 370 1385 Abrahae
396 1364 495 1386 novus
521 1355 672 1393 aemulus,
899 1357 1030 1389 Nicolae
1056 1364 1106 1390 sat
1132 1360 1268 1399 celeber,

219 1400 322 1432 Urbes
348 1401 486 1433 lustrans
512 1402 698 1442 agminibus,
897 1406 1012 1436 Preces
1039 1405 1136 1438 funde
1162 1417 1220 1446 pro
1246 1409 1383 1449 propalo

220 1447 343 1480 Vacans
370 1450 576 1482 orationibus.
896 1452 1040 1493 Degente
1066 1455 1096 1485 in
1124 1455 1278 1494 periculo.

516 1537 545 1568 7.
575 1537 714 1571 Praesta.
743 1541 834 1577 pater
860 1538 1009 1581 ingenite,

573 1585 652 1621 lesu,
680 1593 749 1616 cum
775 1595 866 1617 sacro
892 1586 1028 1628 flamine,

572 1632 611 1664 Ut
640 1632 764 1664 Nicolai
795 1634 916 1665 meritis

574 1679 669 1710 Bonis
698 1680 838 1712 fruamur
865 1683 1002 1713 caelicis.

225 1761 309 1788 lsi-«w.
341 1771 391 1789 ms.
414 1763 599 1790 Franciscan.
622 1774 696 1791 saec.
719 1764 791 1792 ¹⁴s15.
814 1767 883 1793 Cod.
906 1767 1095 1797 Alexandrin.
1120 1769 1183 1798 233.
1206 1787 1241 1790 —
1266 1772 1292 1807 3,
1316 1774 1326 1800 1
1354 1775 1465 1803 Noctis.

529 1923 595 1954 439.
641 1925 680 1955 De
704 1934 726 1955 s.
750 1925 871 1957 Nicolao
894 1928 1073 1968 Peregrina.

647 1994 697 2020 Ad
724 1995 961 2024 Matutinum.

148 2077 178 2109 1.
207 2078 289 2115 Iesu,
317 2082 426 2110 nostra
454 2079 642 2120 redemptio,
837 2086 868 2118 3.
897 2084 979 2116 Solis
1005 2095 1119 2119 occasu
1147 2091 1272 2122 modice

205 2126 307 2157 Amor
333 2130 363 2157 et
391 2127 455 2158 vita
482 2137 668 2167 pauperum,
893 2132 933 2164 Se
960 2143 1041 2173 pane
1068 2135 1163 2176 cibat,
1192 2138 1316 2182 lactice‚

205 2174 243 2204 In
271 2173 395 2206 Nicolai
423 2175 571 2207 laudibus
893 2180 965 2212 Non
991 2181 1093 2214 afficit
1119 2187 1250 2229 esuries,

206 2221 322 2253 Preces
348 2223 483 2254 admitte
509 2224 700 2263 supplicum.
894 2228 961 2260 Nec
986 2232 1131 2270 gravavit
1157 2234 1324 2275 ingluvies.

150 2307 180 2338 2.
209 2307 271 2339 Hic
296 2317 410 2340 manna
436 2314 548 2349 pastus
575 2311 719 2349 caelitus,
835 2316 866 2346 4.
895 2315 1010 2356 Ioseph
1037 2318 1153 2352 abiecit
1181 2323 1314 2361 pallium

205 2355 310 2388 Corde
336 2357 421 2388 mitis
448 2358 620 2399 angelicus,
894 2363 986 2395 Vitae
1012 2365 1164 2400 affectans
1191 2369 1347 2413 bravium,

206 2402 317 2435 Dulcis
344 2403 403 2436 fuit
429 2406 578 2447 alloquio,
893 2409 1059 2445 Christum*
1075 2419 1271 2457 sequendum
1289 2421 1461 2456 Dominum

204 2452 323 2484 Alacer
345 2452 376 2484 in
403 2453 566 2494 obsequio.
892 2459 1044 2494 Catervas
1071 2463 1161 2505 fugat
1187 2467 1387 2505 daemonum.
