1653 2656
644 113 882 150 -99-

553 307 617 339 165.
655 305 698 337 De
720 306 832 336 sancta
852 302 982 334 Bel-tha.

608 378 649 405 In
681 375 706 404 l.
733 376 926 411 Vespexis.

98 471 132 504 1.
159 470 266 502 Decus
294 467 436 500 futurum
464 468 587 508 gloriae

162 517 261 552 Iubar
287 517 388 549 micat
415 516 583 554 ecclesiae,

162 566 269 599 Claris
297 569 368 597 orta
395 564 557 596 natalibus

161 615 204 647 Et
229 613 350 646 sanctis
378 613 501 644 Bertha
527 611 676 644 testibus.

99 713 134 746 2.
163 711 347 744 Coniuncta
373 709 577 741 matrimonio

162 759 335 792 Gumberti
363 767 447 790 nunc
472 757 662 796 clarissimo,

163 808 228 841 Sed
258 816 321 839 non
347 805 488 838 fecunda
515 805 672 846 partubus

164 856 235 889 Deo
260 855 402 887 sacravit
427 854 564 888 actibuS.

801 466 832 498 3.
860 464 985 496 Dehinc
1011 465 1218 494 contemnens
1247 456 1386 490 fecunda.

860 511 1009 545 Mortalis
1035 510 1107 542 aevi
1133 507 1250 548 gaudia

863 561 952 592 Pium
980 557 1139 590 convertit
1165 556 1340 594 coniugem.

863 611 1045 642 sectantem
1072 606 1169 637 vitam
1195 603 1361 635 caelibem.

803 710 834 739 4.
862 705 1016 737 Fundans
1043 711 1168 734 sacrum
1199 698 1386 731 coenobium

864 753 986 792 Greges
1015 751 1131 783 ditavit
1158 748 1325 788 virginum,

866 802 919 834 Fit.
945 802 1015 840 ipsa
1043 802 1145 830 mater
1172 796 1318 828 omnibus

865 851 1059 888 Praeestque
1086 845 1308 877 militantibus.

490 953 522 983 5.
550 950 575 982 O
602 952 706 980 mater
731 945 1006 987 splendidissima,

551 999 670 1030 Potens
697 996 853 1027 virtutum
879 993 995 1034 gratia.

553 1046 631 1077 Post
658 1044 763 1076 carnis
789 1043 881 1074 huius
909 1041 1029 1072 exitum

553 1093 702 1126 Concede
730 1092 815 1123 vitae
842 1089 1030 1130 praemium.

185 1193 322 1221 Officium
354 1201 392 1218 ss.
427 1191 560 1222 Tresani,
593 1187 747 1216 Gumberti
778 1189 806 1213 et
839 1194 861 1212 s.
888 1183 1016 1211 Berthae
1044 1183 1112 1217 imp.
1143 1181 1262 1208 Rhemis
1293 1177 1375 1205 1557.
1404 1191 1440 1195 —

105 1231 134 1266 2,
155 1231 175 1259 4
195 1233 264 1259 Lies
286 1231 425 1258 vacavit?
449 1244 482 1248 —-
506 1228 628 1256 DoxoL:
651 1227 754 1255 Gloria
777 1225 842 1256 tibi,
865 1223 1000 1250 Domine.

542 1428 601 1460 166.
643 1427 685 1458 De
706 1427 815 1457 sancto
837 1422 1010 1455 Bortivino.

116 1525 147 1558 1.
175 1523 373 1564 Martyrium
400 1520 559 1553 Bertivini

223 1572 345 1604 Carens
373 1570 513 1601 elucidio

174 1621 254 1652 Tam
282 1619 396 1651 remoti
423 1627 516 1658 quam
545 1616 642 1648 vicini

223 1668 335 1701 Sciant
361 1668 421 1699 hoc
447 1666 586 1706 iudicio;

176 1716 353 1750 Praeteriri
381 1716 448 1748 sive
474 1715 536 1746 sini

226 1765 298 1797 Non
326 1764 422 1796 debet
448 1762 587 1796 silentio.

113 1865 149 1896 2.
175 1863 304 1903 Martyr
330 1862 392 1893 iste
419 1864 450 1892 ct
476 1859 575 1891 levita

222 1911 404 1944 Meduanae
430 1908 559 1940 flumine

176 1960 267 1992 Nave
291 1959 409 1991 transit
434 1958 466 1989 in
491 1957 595 1988 accita

224 2009 315 2041 Duce
341 2007 433 2039 navis
461 2006 606 2044 nemine3

176 2058 239 2090 Est
264 2066 349 2089 mors
377 2057 444 2087 eius
471 2054 580 2086 multis
607 2053 689 2085 scita

225 2106 316 2138 Caeli
342 2105 410 2136 viso
435 2104 565 2135 lumine.

116 2205 152 2237 3.
178 2202 351 2243 Nequitiae
378 2200 571 2233 famulorum

226 2251 410 2284 Bacchatur
435 2249 569 2289 invidia,

177 2301 241 2333 Vas
266 2300 409 2332 divinum
438 2298 566 2338 plenum
594 2304 716 2328 morum

225 2349 350 2382 Mactat
376 2348 489 2379 horum
518 2344 614 2387 furia,

171 2399 267 2439 Quod
294 2398 327 2430 in
354 2397 451 2428 choro
478 2394 666 2435 angelorum

225 2446 384 2479 Laetatur
410 2453 479 2476 cum
507 2443 621 2484 gloria,

810 1518 844 1549 4.
870 1516 935 1547 Iste
963 1512 1078 1552 Ioseph
1107 1512 1137 1542 in
1168 1511 1307 1541 cisterna

920 1563 1054 1595 Clausus
1080 1558 1265 1591 infidelibus

871 1612 972 1644 Lucet
999 1615 1031 1641 ut
1058 1608 1171 1652 luxsin
1198 1607 1333 1645 laterna,

920 1660 1001 1692 Nam
1029 1658 1131 1690 Deum
1159 1654 1311 1695 operibus

872 1707 1046 1741 Invocabat
1075 1704 1195 1738 Christi
1223 1712 1332 1742 verna,

922 1757 1042 1787 Vernat
1068 1763 1138 1786 cum
1166 1751 1374 1791 martyribus.

813 1858 846 1888 5.
873 1853 1032 1893 Angelica
1059 1850 1222 1882 revelatur

925 1903 1011 1933 Voce
1037 1900 1069 1930 in
1097 1896 1297 1930 Normannia

875 1951 918 1983 Et
943 1960 962 1982 a
990 1957 1068 1988 rupe
1095 1950 1263 1986 alim-tatur

923 1999 1030 2031 Matre
1059 1995 1162 2027 sancti
1191 1992 1334 2034 praevia,

876 2046 1029 2080 Venatori
1057 2047 1259 2076 restauratur

926 2096 1041 2131 Cerva,
1071 2093 1105 2124 fit
1132 2091 1278 2123 ecclesia.

814 2198 845 2228 6.
875 2193 1008 2226 Claudis
1032 2198 1188 2232 gressum,
1216 2185 1311 2218 mutis
1332 2184 1450 2223 famen,

925 2243 1059 2274 Sensum
1087 2234 1313 2277 energuminus,

876 2291 987 2324 Caecis
1014 2289 1126 2327 visum,
1156 2284 1373 2322 sublevamen,

924 2339 968 2371 Et
991 2346 1084 2377 opem
1113 2332 1307 2374 palpaminis

878 2386 1020 2429 Confert,
1046 2383 1155 2416 reddit
1174 2385 1319 2413 sanctum
1339 2378 1456 2411 flamen

924 2435 1034 2468 Sancti
1062 2441 1158 2474 prece
1185 2429 1336 2463 numinis.

1236 2485 1276 2514 7*
