1653 2656
694 146 949 182 —179—

424 237 455 270 3.
485 238 640 272 Ordinem
667 243 810 282 prudens
836 246 941 278 animo
968 247 1085 279 calenti

483 287 750 322 Praedicatorum
777 293 890 325 sitiens
916 295 1026 334 adisti⁷

484 335 569 368 Hinc
597 346 702 370 comes
728 341 830 372 nostri
857 343 978 375 teneris
1004 343 1044 375 ab
1071 346 1163 377 annis

575 386 804 426 Progenitoris.

422 480 454 511 4.
483 479 579 512 Hunc
606 483 721 523 virum,
748 489 837 517 tanto
863 488 1012 519 comitem
1040 491 1178 530 parenti,

483 528 632 561 Pontifex
658 540 798 564 summus
825 532 982 567 fluitantis
1008 537 1095 568 orbis

482 576 571 608 Inter
597 579 715 611 electos
742 581 837 613 modo
864 583 1053 616 collocatum

571 626 657 658 Mire
684 627 802 661 beavit.

417 721 448 754 5.
477 720 607 754 Gratias
635 733 773 756 summas
800 725 974 759 habeamus
1001 738 1112 762 omnes

474 769 518 801 Et
543 770 612 802 Deo
639 772 699 803 soli
725 774 910 814 pariterque
937 776 1031 819 trino,

476 817 581 850 Donet
606 822 642 850 ut
667 820 758 852 nobis
784 823 936 861 precibus
962 825 1078 857 Iacinti

568 867 730 900 Scandere
757 870 890 903 caelum.

142 993 160 1021 d
221 957 303 984 Miss.
330 959 527 988 Cracoviense
549 962 618 998 imp.
635 962 798 992 Craeoviae
822 964 905 994 1545.
922 981 958 985 —
981 966 1007 1001 2,
1029 966 1046 994 2
1070 974 1210 1004 praestes.
1228 985 1265 988 —
1279 973 1321 999 Im
1339 975 1473 1002 Officium

163 1003 193 1022 es
215 996 365 1032 Heiligen.

557 1131 623 1162 307.
667 1133 708 1164 De
730 1136 837 1166 sancto
860 1135 1046 1174 Hyacinthe.

651 1193 702 1220 Ad
723 1195 959 1223 Matutinuin.

142 1274 170 1308 1.
199 1275 322 1315 Gaude,
351 1281 454 1309 mater
479 1279 626 1318 ecclesia,
834 1285 864 1316 3.
894 1284 959 1316 Sub
986 1287 1159 1326 Augustini
1187 1290 1296 1329 regula

195 1323 299 1355 Tanto
326 1325 463 1358 lustrata
486 1327 604 1368 sidere,
895 1332 1042 1366 Sectatus
1071 1339 1195 1375 patrem
1225 1339 1379 1377 optimum

195 1371 259 1404 Sed
286 1377 321 1404 tu
346 1374 458 1416 magis,
486 1376 628 1416 Polonia‚
887 1381 999 1413 Mente
1024 1383 1163 1423 profecit
1189 1386 1302 1418 sedula
1335 1410 1339 1413 .

193 1419 242 1452 De
268 1422 350 1453 tanti
377 1423 480 1462 patris
507 1433 648 1458 munere.
891 1429 1013 1462 Norma
1040 1432 1198 1464 virtutum
1225 1436 1375 1469 omnium.

134 1517 166 1551 2.
195 1517 459 1550 Praedicatorum
486 1521 610 1553 ordinis
826 1526 859 1560 4.
888 1527 981 1559 Hunc
1009 1528 1066 1560 lvo
1096 1530 1229 1562 Romam
1257 1534 1400 1576 contulit,

191 1565 297 1598 Fulsit
320 1567 372 1598 hic
398 1572 492 1607 pater
517 1569 648 1602 inclitus
886 1575 950 1608 Ubi
986 1581 1079 1616 pater
1104 1578 1292 1612 Dominicus

191 1613 362 1648 Professor
388 1617 472 1648 sacri
499 1619 649 1661 numinis,
888 1623 1042 1656 Habitum
1070 1635 1161 1658 suum
1188 1628 1293 1660 induit

190 1662 351 1695 PrImaevi
377 1665 480 1704 patris
507 1667 622 1700 socius.
885 1672 1064 1706 Remittens
1092 1684 1163 1706 eum
1190 1677 1347 1716 patribus.

526 1766 556 1798 5.
587 1764 635 1797 Sit
661 1767 757 1807 patri,
785 1772 871 1810 nato,
899 1768 1021 1802 flamini

582 1814 703 1856 Honor,
729 1816 831 1848 virtus
858 1822 890 1849 et
915 1819 1027 1860 gloria,

581 1863 639 1902 Qui
666 1873 724 1895 nos
750 1865 874 1898 lacinto
901 1868 1038 1907 supplici

579 1912 723 1944 Aeterna
750 1914 847 1946 donet
873 1916 990 1955 patria.

199 2001 282 2030 Miss.
307 2003 502 2033 Cracoviense
524 2007 594 2042 imp.
617 2006 780 2037 Cracoviae
805 2008 888 2039 1545.

544 2170 613 2201 308.
656 2171 697 2202 De
719 2174 827 2204 sancto
850 2173 1037 2213 Hyacinthe.

666 2232 717 2260 Ad
740 2233 898 2262 Laudes.

120 2313 150 2348 1.
176 2315 314 2348 Aeterni
341 2317 426 2358 regis
453 2319 613 2351 maximus
819 2325 851 2357 2.
880 2323 972 2355 Hunc
1002 2324 1068 2356 vita
1095 2325 1184 2358 clara
1209 2327 1342 2365 indicat,

176 2362 353 2397 confessor
378 2375 480 2398 novus
504 2365 624 2407 floruit,
877 2372 976 2412 Signa
1003 2372 1132 2406 diversa
1157 2375 1314 2409 intonant.

173 2412 218 2444 Et
242 2422 362 2454 praeco
388 2414 471 2447 caeli
498 2416 639 2448 caelicus
877 2420 1021 2463 Secreta,
1048 2431 1129 2462 quae
1156 2423 1208 2455 hic
1234 2431 1375 2469 noverat,

174 2461 300 2494 Mundo
326 2466 479 2503 patenter
505 2465 621 2504 patuit.
878 2469 1031 2510 Magnum
1059 2469 1160 2504 fuisse
1186 2473 1388 2513 praedicant.

1212 2528 1273 2558 12*
