1653 2656
333 252 365 286 5.
393 254 455 285 Pro
480 256 589 283 nostro
615 253 708 281 natus
733 248 854 280 scelere
879 245 1008 278 tandem
1035 242 1209 274 moriturus

442 300 535 332 Certa
561 298 703 330 remedia
729 297 794 334 dat,
820 295 882 326 iam
908 293 983 334 quia
1007 301 1069 323 non
1097 289 1241 322 moritur.

393 349 515 389 Corpus
543 346 648 378 dando
675 344 778 375 cibum
805 342 895 374 verbi
921 341 1039 372 virtute
1065 340 1226 370 sacratum

439 395 607 435 Sanguinis
634 397 665 424 et
691 396 814 432 gustum
841 389 976 421 contulit
1001 388 1033 418 in
1060 385 1210 426 pretium.

391 443 454 475 Sed
481 451 570 473 sacer
598 441 648 472 bic
673 440 765 480 panis
791 447 852 469 non
880 436 1024 475 corporis
1050 438 1096 466 est
1124 433 1322 473 alimentum,

311 493 366 526 10.
439 489 599 522 Mentibus
624 492 673 520 ast
698 487 783 517 sanis
810 485 904 516 dulce
930 483 1036 515 ferens
1062 481 1201 521 epulum.

394 538 566 577 Frangitur
592 542 621 566 et
648 535 772 566 teritur.
799 533 866 574 sed,
894 533 920 562 si
946 531 1063 572 partim
1091 529 1263 567 minuatur,

438 586 506 616 Hoc
532 584 564 615 fit
591 584 623 614 in
651 583 710 613 hac
736 580 848 618 forma,
878 588 1009 610 cernere
1035 587 1129 618 quam
1154 577 1294 616 poteris3

391 633 453 665 Sed
479 633 531 672 qui
558 632 701 671 signatur
727 634 757 660 et
782 629 814 660 iu
841 629 900 659 hoc
927 631 1093 659 contentus
1121 625 1265 660 habetur,

439 680 503 712 Sub
529 680 722 719 quiscunque
747 677 827 708 velis
854 676 1000 716 partibus
1023 675 1149 713 integer
1172 677 1231 706 est.

310 731 363 763 15.
392 729 469 764 Nec,
497 728 549 767 qui
575 727 647 766 plus
673 726 805 765 ceperit,
831 724 903 764 plus
930 724 970 755 de
996 722 1124 754 Christo
1149 721 1219 761 quit
1241 719 1370 761 habere,

439 776 507 808 Nec
536 775 629 807 babet
656 774 711 805 ille
737 773 850 813 minus,
878 772 931 812 qui
957 771 1060 802 minus
1087 769 1260 808 acceperit.

392 824 479 864 Ergo
505 826 748 857 sacramentum,
777 821 881 860 digne.
909 819 996 857 socii,
1024 826 1212 849 veneremur

443 871 534 910 Quod
562 871 655 910 digne
681 873 841 908 sumptum
869 877 925 898 nos
951 866 1038 898 fovet
1063 872 1092 896 et
1119 865 1235 896 reficit.

396 921 480 952 Laus
506 918 563 949 tibi
591 919 642 957 sit,
671 917 808 952 Christe,
836 916 923 946 cuius
950 915 1003 954 pia
1030 914 1132 953 gratia
1158 914 1301 959 praestat

313 971 368 1002 20.
445 967 546 1007 Digne
573 966 747 1005 participes
774 963 917 1004 corporis
943 971 1011 993 esse
1038 963 1095 993 tui.

394 1015 476 1047 Dum
505 1014 595 1045 nobis
621 1012 758 1043 occurrit
786 1012 817 1042 in
844 1014 945 1042 morte
972 1009 1062 1041 ferox
1088 1009 1245 1043 inimicus,

444 1062 493 1094 Sis
519 1061 619 1102 nobis,
648 1061 785 1099 Christe,
813 1058 912 1097 cibus,
941 1058 984 1089 sis
1010 1062 1096 1088 tutor
1123 1062 1152 1087 et
1180 1056 1302 1094 clipeus

398 1111 496 1149 Inque
522 1114 586 1145 tuo,
614 1108 748 1147 Christe,
779 1107 860 1137 bene
887 1103 1041 1147 [functos]
1070 1113 1203 1143 corpore
1229 1105 1305 1134 siste

446 1157 574 1196 Nosque
599 1156 683 1186 loces
710 1163 779 1185 cum
806 1158 838 1184 te
863 1157 1018 1192 perpetua
1044 1153 1162 1191 requie,

286 1245 415 1270 l'rocess.
442 1251 493 1267 ms.
520 1241 696 1267 (ilseneiense
724 1239 794 1265 anni
822 1236 904 1264 1288.
932 1237 1001 1264 Cod.
1023 1237 1167 1263 Oxonien.
1189 1235 1313 1262 Rawlin.
1338 1235 1374 1261 N.
1401 1231 1467 1260 939.
1489 1245 1526 1251 -—

211 1282 359 1309 Abschrift
379 1289 436 1307 von
458 1281 527 1306 Rev.
549 1279 585 1304 H.
608 1279 647 1304 M.
672 1279 833 1304 Bauuister.

599 1399 640 1430 51.
681 1399 714 1429 In
739 1399 827 1428 Festo
849 1397 992 1437 Corporis
1013 1396 1139 1427 Christi.

676 1458 729 1485 Ad
754 1458 1055 1484 Processiouein.

430 1539 533 1580 Salve,
561 1537 643 1569 festa
670 1537 746 1568 dies.
774 1541 840 1567 toto
865 1535 1056 1567 venerabilis
1082 1544 1170 1574 aevo,

478 1588 545 1625 Qua
572 1585 691 1618 Christi
716 1593 830 1623 corpus
855 1583 949 1615 turba
975 1588 1085 1614 renata
1109 1583 1195 1614 colit.

430 1634 622 1673 Terrigenae
647 1633 761 1672 quique
788 1631 925 1662 recolent
953 1631 1013 1662 hoc
1038 1630 1144 1662 nobile
1170 1629 1287 1662 festum

479 1682 567 1720 Quod
596 1680 686 1711 nobis
714 1681 800 1711 lesus
828 1679 971 1710 Christus
997 1679 1028 1709 in
1055 1678 1132 1709 orbe
1158 1684 1275 1711 sacrat.

374 1734 404 1763 5.
432 1730 541 1762 Omnis
566 1728 657 1768 plebs
684 1728 780 1759 hodie
806 1731 974 1757 veneretur
1000 1735 1169 1766 amoreque
1195 1727 1290 1759 laude

483 1778 619 1809 Patrem.
646 1776 699 1815 qui
724 1775 815 1806 nobis
841 1784 956 1805 manna
982 1783 1120 1813 perenne
1148 1774 1247 1806 dedit.

433 1826 601 1864 Tempore,
627 1833 688 1863 quo
715 1823 843 1861 Moyses
871 1824 997 1853 deserta
1022 1831 1081 1861 per
1107 1822 1198 1854 arida
1226 1822 1317 1854 duxit

482 1872 611 1905 Israelis
636 1871 799 1912 populum,
825 1880 939 1901 manna
965 1870 1083 1901 cibavit.
1110 1879 1191 1902 eum.

434 1922 526 1953 Illum
553 1920 606 1959 qui
635 1923 760 1959 pastum
788 1918 1006 1959 degustavere,
1035 1917 1147 1949 refecti

354 1969 406 2002 10.
481 1969 569 2008 Sunt,
598 1968 653 1998 sed
680 1971 750 2007 post
776 1975 884 1997 omnes
910 1966 1049 1997 esuriere
1075 1970 1182 2005 patres

434 2017 474 2048 Et
502 2026 570 2047 cum
598 2016 788 2046 mundanam
816 2013 1002 2045 defecerunt
1027 2023 1085 2053 per
1111 2014 1255 2053 eclipsim

484 2064 598 2096 Hausit
624 2072 677 2094 eos
704 2063 821 2093 veteris
848 2070 958 2092 carcer
981 2071 1099 2100 opacus
1126 2062 1228 2093 Adae.

438 2114 536 2145 Istum
564 2112 617 2151 qui
644 2115 769 2151 pastum
797 2110 890 2150 digne
917 2110 1101 2149 gustaverit.
1129 2110 1183 2141 ille

486 2160 558 2192 Non
584 2160 655 2199 plus
681 2159 797 2189 esuriet
824 2162 935 2197 postea
961 2166 1019 2188 nec
1044 2158 1140 2190 sitiet.

353 2212 407 2242 15.
436 2209 521 2241 Illud
548 2212 615 2239 erat
643 2207 735 2247 caeli,
762 2215 862 2246 supra
887 2205 1010 2236 caelum
1035 2210 1141 2236 manet
1166 2207 1253 2238 istud

489 2257 627 2288 Pasceris
653 2264 710 2286 nos
737 2263 853 2286 manna
880 2253 990 2285 fomite
1016 2253 1153 2286 vivifico.

440 2305 560 2337 Manna
586 2303 737 2344 figuravit
760 2302 879 2335 deserti
905 2311 1021 2334 manna
1046 2300 1156 2334 futuri.

491 2354 614 2392 Corpus
640 2352 724 2383 idem
754 2351 884 2392 Christi,
911 2359 989 2381 vera
1013 2350 1125 2390 sophia
1153 2351 1223 2382 Dei.

443 2402 513 2433 Hoc
539 2400 660 2434 Christi
687 2409 802 2439 corpus
828 2403 875 2430 est
900 2402 1010 2430 noster
1034 2398 1068 2429 in
1094 2398 1171 2430 orbe
1197 2399 1392 2442 redemptor,

361 2451 416 2483 20.
491 2450 647 2481 Neumate
674 2452 854 2488 conceptus.
884 2447 1006 2487 virgine
1032 2450 1123 2478 natus
1149 2452 1228 2479 erat.
