1653 2656
701 153 739 157 --
796 134 861 169 201

619 225 686 258 338.
729 227 770 258 De
791 230 900 260 sancto
922 228 1043 270 loseph.

673 287 723 314 Ad
750 289 994 317 Nocturnum.

437 364 469 397 1.
497 363 666 405 Multaque
692 367 773 398 mira
799 367 875 399 hinc
901 368 978 400 fidei
1004 376 1133 403 nostrae

495 411 577 444 Sunt
601 413 768 453 patefacta
794 415 911 456 Ioseph
938 420 1103 458 mysteria.

491 459 534 491 Et
562 461 602 492 de
628 460 746 494 futuris
772 463 804 495 in
833 464 962 503 Christo
989 467 1188 508 complendis

562 509 662 542 Plene
689 511 835 545 docetur.

434 595 467 626 2.
494 595 728 628 Crudelitatem
755 599 897 631 sentiens
926 601 1066 633 Herodis

492 642 610 675 Natum
638 654 708 676 eum
736 650 839 678 matre
866 647 955 679 ducit
980 648 1013 680 in
1039 651 1222 690 Aegyptum

495 691 535 723 Et
563 702 652 724 more
677 695 780 733 patris
808 699 876 727 toto
902 695 1059 729 infantiae

559 740 653 772 Pavit
680 741 830 776 decursu.

432 826 462 857 3.
491 824 651 858 Infantem
680 829 784 860 Iesum
812 831 964 862 tractavit
989 832 1146 870 manibus,

489 873 638 906 Gestavit
664 877 759 915 ulnis,
785 887 900 910 suaves
927 880 1093 919 amplexus

490 923 643 955 Praebuit
671 925 730 963 illi,
759 926 799 957 ob
826 926 858 958 id
887 928 1062 968 praecipue

556 971 846 1007 SollemnizanduS.

428 1058 458 1087 4.
486 1056 528 1087 Et
556 1066 624 1088 cum
654 1057 825 1090 defunctus
852 1065 936 1091 esset
963 1070 1019 1092 rex
1045 1067 1212 1101 tyrannus,

487 1105 593 1136 lesum
621 1106 752 1137 reduxit
778 1107 908 1139 iubente
934 1110 1048 1149 angelo

485 1153 523 1184 In
550 1158 668 1185 terram
698 1155 788 1194 luda,
818 1156 1011 1188 Archelaum
1040 1158 1154 1189 timeus

554 1201 649 1233 Vadit
678 1202 852 1238 Nazareth.

424 1291 456 1322 5.
485 1289 557 1320 Non
585 1289 687 1321 solum
713 1290 774 1322 Dei
801 1294 906 1323 mater
931 1301 987 1324 suo
1014 1301 1142 1332 sponso.

485 1337 560 1377 Sed,
589 1338 640 1369 cui
666 1348 749 1378 genu
775 1339 952 1372 inclinatur
977 1350 1081 1380 omne,

482 1385 650 1418 Mandatis
677 1387 743 1418 suis
769 1387 902 1419 oboedit
927 1399 1021 1429 quam
1047 1393 1198 1431 prompte

549 1435 592 1466 Et
619 1435 802 1469 comitatur.

422 1523 455 1553 6.
481 1521 594 1553 Gloria
617 1522 715 1563 patri,
743 1532 866 1554 summo
893 1524 1043 1556 creatori.

483 1569 596 1602 Gloria
625 1574 710 1609 nato,
738 1571 793 1611 pio
820 1572 1030 1613 redemptori,

480 1618 621 1650 Flamini
648 1624 772 1659 sancto,
800 1621 895 1651 nexui
922 1621 1036 1659 utrius,

549 1667 662 1699 Honor
687 1668 842 1708 aequalis

225 1752 331 1779 Dium,
354 1756 383 1780 et
397 1752 496 1788 hymn.
513 1762 565 1780 ms.
583 1753 734 1781 Benedict.
749 1754 862 1782 Suecic.
879 1764 955 1782 saec.
973 1754 1016 1782 15.
1033 1755 1103 1783 Cod.
1120 1756 1261 1792 Upsalen.
1277 1756 1300 1784 C
1314 1755 1380 1784 477.
1399 1758 1431 1784 A.
1450 1775 1484 1777 ἡ

147 1790 233 1818 Brev.
255 1791 385 1827 Rigense
407 1793 476 1828 imp.
498 1801 521 1819 s.
543 1792 562 1819 l.
588 1791 669 1820 1513.
693 1794 724 1820 12.

604 1936 672 1968 339.
714 1937 756 1968 De
776 1939 885 1968 sancto
906 1937 1026 1977 loseph.

694 1998 745 2026 Ad
773 1999 932 2026 Laudes.

417 2078 447 2111 1.
474 2076 570 2108 Hunc
599 2078 639 2110 de
665 2076 830 2118 profundo
857 2078 956 2109 corde
983 2077 1114 2109 deitatis

476 2126 739 2158 Praedestinavit
765 2126 865 2166 Deus,
893 2126 1049 2157 exaltavit

475 2174 558 2206 Prae
584 2175 710 2207 cunetis
736 2174 865 2213 scribis,
894 2173 1034 2214 regibus⁷
1063 2174 1231 2214 prophetis

539 2223 634 2255 Ritus
661 2223 792 2255 veteris.

413 2309 446 2342 2.
474 2309 584 2342 Ceteri
609 2318 748 2350 namque
773 2317 866 2349 reges
894 2311 926 2339 et
952 2308 1131 2349 prophetae

471 2357 635 2390 Christum
663 2362 834 2390 venturum
861 2357 957 2389 simul
985 2356 1231 2398 praedicabant,

472 2405 572 2445 Quem
601 2406 720 2446 Ioseph
747 2406 850 2437 iustus
877 2405 1042 2438 osculatur
1068 2406 1122 2446 pio

539 2454 658 2487 Osculo
684 2455 762 2487 oris.
