1653 2656
698 125 936 160 —59-

603 267 650 299 93.
691 267 733 298 De
753 267 850 298 beata
870 265 972 297 Maria
992 265 1032 297 V.

158 359 188 391 1.
215 359 384 392 Laudetur
407 359 470 392 Dei
495 358 591 398 filius,
849 359 879 390 3.
907 357 1008 389 Beata
1034 360 1137 388 mater
1162 356 1304 395 humilis,

216 407 335 445 Patris.
358 407 486 440 Mariae
510 408 634 451 unicus,
907 406 1048 438 Excelsa
1073 414 1171 445 super
1195 405 1314 443 sidera,

216 455 342 498 Colant,
369 456 505 488 adorent
529 457 653 488 viscera
908 454 975 485 Fac
1001 464 1058 486 nos
1085 457 1237 494 purgatos
1265 452 1412 493 crimine,

217 504 319 546 Quem
344 507 443 543 terra,
465 506 601 547 pontus,
629 504 771 537 aethera.
908 503 1019 534 Beata
1044 505 1149 534 mater
1175 510 1318 534 munere.

159 601 189 633 2.
217 600 391 642 Surgamns
417 609 527 632 omnes
552 600 702 638 invicem,
853 602 884 633 4.
911 600 1055 638 Praesta,
1083 599 1173 639 virgo
1199 598 1357 638 piissima,

218 649 404 681 Flectamus
430 649 511 681 iram
537 648 708 689 vindicem,
912 648 1008 680 Almo
1033 648 1170 678 lustrata
1195 646 1333 684 flamine,

220 697 409 729 Subdantur
433 697 483 728 illi
508 697 634 737 singula
912 695 1055 728 Munitos
1080 695 1182 726 redde
1208 694 1286 735 filio,

225 744 288 778 Oui
314 745 407 784 luna,
435 744 484 777 sol
509 747 538 777 et
562 744 688 777 omnia.
914 744 1022 776 Beata
1047 743 1129 775 caeli
1154 742 1282 775 nuncio.

515 844 546 874 5.
574 842 638 874 Per
663 844 695 872 te
720 849 881 872 sumamus
907 840 1024 879 gaudia

574 889 618 921 Et
644 897 855 928 supernorum
881 888 1006 919 cantica

574 937 752 968 Psallentes
781 936 903 968 Christi
929 936 1077 967 nomine:

572 984 689 1017 Gloria
714 984 781 1025 tibi,
809 984 962 1016 Domine.

236 1083 321 1110 Miss.
349 1090 402 1108 ms.
432 1081 527 1116 Capit.
555 1081 665 1107 Lucen.
687 1080 770 1111 VIII,
798 1078 854 1106 589
883 1088 957 1106 saec.
991 1078 1032 1106 15.
1062 1078 1127 1105 add.
1153 1086 1226 1105 saec.
1262 1076 1305 1105 15.
1332 1087 1375 1103 ex.
1400 1078 1432 1104 A.
1455 1091 1493 1095 —

158 1122 241 1148 Miss.
264 1121 428 1148 Romanum
450 1121 519 1154 imp.
542 1119 676 1146 Venetiis
699 1117 781 1145 1505.
801 1119 834 1145 B.
851 1132 886 1136 —
902 1118 985 1145 Miss.
1008 1126 1064 1144 sec.
1087 1126 1172 1144 usum
1187 1119 1293 1143 sarum
1314 1117 1383 1151 imp.
1408 1115 1491 1142 1519.

159 1161 190 1187 C.
214 1174 249 1178 —
274 1158 465 1194 Balinghem,
495 1159 659 1185 Parnassus
690 1157 843 1184 Marianus
873 1166 899 1192 p.
929 1154 984 1183 '265
1012 1166 1039 1182 u.
1067 1156 1086 1182 f.
1114 1157 1150 1182 D.
1175 1170 1209 1174 --
1229 1156 1254 1182 A
1281 1155 1334 1181 hat
1361 1164 1417 1181 nur
1445 1155 1492 1181 die

157 1201 234 1225 erste
267 1197 403 1232 Strophe.
453 1196 510 1224 Cfr.
541 1196 627 1223 Anal.
659 1196 731 1227 XX,
765 1194 826 1222 177.
877 1195 932 1231 Vgl
975 1195 1023 1222 die
1055 1195 1243 1230 Bemerkung
1274 1203 1340 1220 znm
1371 1193 1491 1220 voi-her-

156 1236 310 1273 gehenden
333 1236 479 1271 Hymnus.

609 1357 656 1390 94.
698 1357 739 1387 De
762 1356 858 1387 beata
879 1356 980 1387 Maria
1002 1356 1036 1386 V.

157 1451 188 1484 1.
216 1449 243 1482 0
268 1449 412 1490 yloriosa
435 1449 582 1486 domina,
856 1449 887 1480 3.
914 1447 965 1479 Tu.
990 1447 1076 1487 reyis
1102 1446 1162 1478 alti
1191 1447 1305 1488 ianua,

217 1498 370 1530 Hirsutos
397 1499 504 1529 hostes
531 1497 666 1529 callidos
917 1496 978 1527 Per
1003 1505 1097 1535 quam
1124 1496 1280 1526 intramus
1308 1495 1442 1536 curiam,

218 1547 353 1584 Sternis,
381 1546 495 1578 collisa
519 1550 654 1585 tartara,
916 1544 1131 1575 Iucunditatis
1157 1543 1286 1583 gaudia,

220 1594 362 1629 Confusa
387 1603 516 1634 semper
541 1594 679 1626 viscera.
915 1593 1040 1632 Agmen
1066 1596 1250 1623 sanctorum
1276 1592 1405 1624 civium.

157 1689 190 1721 2.
218 1687 314 1729 Quod
337 1687 412 1719 Eva
438 1687 542 1719 tristis
571 1685 715 1728 abstulit,
855 1688 888 1717 4.
916 1684 1032 1716 Gloria
1060 1684 1129 1723 tibi,
1153 1684 1310 1725 Domine,

219 1737 268 1768 Tu
294 1736 373 1776 sola,
401 1739 516 1774 mater,
545 1735 671 1776 tribuis,
915 1734 975 1773 Qui
1001 1736 1094 1764 natus
1122 1742 1154 1764 es
1183 1734 1222 1764 de
1250 1733 1386 1773 virgine.

219 1786 283 1817 Per
308 1788 340 1816 te
366 1785 500 1816 resumit
526 1784 667 1824 populus
917 1782 995 1814 Cum
1022 1786 1116 1821 patre
1143 1786 1175 1813 et
1200 1785 1312 1813 sancto
1339 1781 1459 1821 spiritu

219 1833 350 1866 Priores
377 1833 461 1865 vires
487 1832 646 1874 perditas.
917 1831 954 1862 In
981 1831 1178 1870 sempiterna
1205 1830 1345 1862 saecula.

236 1925 319 1952 Miss.
342 1924 508 1951 Romanum
534 1925 604 1959 imp.
626 1924 760 1950 Venetiis
783 1920 866 1949 1505.
889 1921 923 1948 A.
945 1935 981 1938 —
1003 1921 1086 1947 Miss.
1110 1930 1167 1948 sec.
1189 1928 1275 1947 usum
1297 1920 1401 1947 Sarum
1426 1922 1494 1955 imp.

158 1963 243 1992 1519.
259 1965 291 1992 B.
314 1979 350 1983 —
364 1963 552 2000 Balinghem,
575 1963 742 1990 Parnassus
756 1962 911 1988 Marianus
936 1969 962 1995 p.
985 1958 1049 1987 266.
1068 1960 1099 1987 C.
1115 1973 1151 1978 -—
1170 1958 1193 1993 l,
1216 1959 1234 1986 4
1249 1960 1303 1985 lies
1319 1960 1421 1994 vipera
1431 1960 1443 1984 ¹?
1461 1973 1495 1976 -

157 2002 190 2037 3,
225 2002 244 2031 4
269 2003 366 2039 Atque
397 2003 556 2031 caelestem
586 2003 713 2038 gloriam
741 2001 773 2028 C.
799 2015 838 2019 —
863 1999 929 2035 Vgl.
961 1998 1009 2025 die
1036 1999 1227 2034 Bemerkung
1261 2006 1327 2024 zum
1358 1998 1495 2032 Hymnus

158 2043 274 2071 Salve
301 2045 433 2070 sancta
463 2050 602 2078 parens
624 2041 676 2068 Nr.
698 2038 744 2067 92.

613 2214 660 2246 95.
701 2213 743 2245 De
764 2213 861 2244 beata
883 2211 985 2243 Maria
1006 2211 1041 2241 V.

159 2310 192 2343 1.
220 2309 246 2342 Ο
272 2307 468 2348 imperatrix
494 2306 594 2347 regia,
862 2306 893 2337 2.
922 2303 1142 2343 Supernorum
1168 2301 1304 2342 laetitia,

223 2357 313 2391 Caeli
340 2359 372 2388 et
397 2359 506 2387 terrae
532 2354 672 2394 domina,
921 2352 1051 2391 Stupor.
1081 2349 1198 2381 festum
1225 2353 1256 2380 et
1282 2349 1398 2390 gloria,

221 2406 332 2438 Mater
357 2404 419 2437 Dei
445 2403 567 2436 eximia
920 2400 1017 2439 Laus,
1045 2399 1143 2430 decus
1170 2398 1273 2429 nostri
1299 2398 1430 2438 generis

222 2454 455 2495 Virginumque
482 2451 712 2492 pulcherrima.
919 2447 1146 2486 Salvatrixque
1173 2446 1341 2480 mirabilis
