1653 2656
719 123 953 158 —21-

557 215 604 246 26.
645 215 794 257 Tempore
821 217 1101 258 quadragesimae.

678 277 729 304 Ad
754 275 994 308 Matutinum.

199 368 205 375 .
233 341 387 383 Largitor
411 343 642 385 indulgentiae,
865 348 896 379 4.
926 346 1092 380 Profunda
1118 349 1158 380 sit
1186 350 1388 389 compunctio

232 389 310 422 Jesu
337 390 482 435 benigne,
513 393 640 433 suscipe
925 395 969 427 Et
995 405 1076 436 pura
1100 397 1303 437 supplicatio,

232 439 395 471 Jeiunium
422 439 565 473 familiae
924 443 1103 485 Famesque
1129 450 1239 477 nostra
1265 446 1383 477 serviat

232 486 301 518 Tuo
327 488 516 528 redemptae
542 489 705 529 sanguine.
926 491 1107 525 Refectioni
1134 503 1321 533 pauperum.

198 600 204 606 .
233 573 370 606 Salubre
395 575 487 606 nobis
514 574 607 607 effice
863 580 896 610 5.
927 579 1068 619 Pnrgata
1094 580 1290 611 conscientia

231 622 302 654 Hoc
328 628 455 662 tempus
481 624 682 664 acceptabile
924 627 1067 658 Ventura
1095 628 1235 659 Paschae
1260 629 1379 670 gaudia

230 670 380 711 Frugalis
406 671 630 704 observantiae
924 675 1027 717 Digne
1053 675 1136 707 colat
1163 685 1232 707 cum
1260 677 1401 708 moribus

233 717 433 759 Sanctaeque
459 720 731 761 quadragesimae.
921 723 963 754 Et
989 723 1113 755 actibus
1140 724 1355 763 paschalibus.

197 833 203 839 .
231 805 308 846 Fac,
335 810 370 837 ut
396 807 561 846 quiescant
586 807 691 849 iurgia
865 811 896 841 6.
925 809 1008 847 Tibi,
1038 810 1132 842 beata
1156 812 1298 851 trinitas,

229 853 274 885 Et
299 855 467 894 sopiantur
492 855 577 896 odia,
927 856 975 888 Sit
1003 857 1072 889 laus
1099 862 1129 889 et
1156 860 1258 890 omnis
1285 860 1389 901 gloria

231 902 306 934 Fiat,
332 902 445 941 procul
471 903 603 935 lascivia
924 904 1088 945 Nobisque
1115 915 1174 945 per
1200 910 1230 937 te
1257 907 1297 938 sit
1323 908 1385 938 tuis

230 949 273 981 Et
300 950 402 982 omnis
428 951 622 991 arrogantia.
922 953 1088 993 Condigna
1114 954 1179 985 vita
1205 955 1364 987 laudibus.

248 1026 333 1053 BreV.
356 1034 380 1053 s.
401 1026 504 1052 Albini
525 1026 751 1061 Andegavensis
774 1028 844 1062 imp.
866 1037 888 1054 s.
911 1028 929 1054 l.
954 1026 1035 1055 1531.

601 1160 646 1189 27.
691 1158 732 1189 De
755 1158 903 1190 Passione
929 1160 1059 1190 Domini.

672 1220 724 1246 Ad
750 1218 772 1246 l.
795 1221 991 1256 Vesperas.

194 1315 200 1321 .
230 1287 315 1326 Pias,
343 1288 446 1325 homo,
477 1289 518 1320 da
545 1288 706 1328 lacrimas,
861 1291 892 1322 3.
921 1290 1020 1321 Vides
1046 1291 1171 1323 Mariae
1198 1291 1297 1322 filium

224 1336 343 1376 Regem
370 1336 436 1376 poli
463 1337 537 1368 dum
564 1337 724 1377 prospicis
921 1339 984 1371 Pro
1012 1343 1043 1369 te
1072 1339 1152 1370 mori
1179 1339 1350 1381 crudelius,

231 1385 347 1424 Plagas
373 1385 439 1424 pati
467 1394 656 1426 purpureas,
920 1386 983 1417 Hic
1010 1387 1164 1418 innocens
1191 1391 1222 1418 et
1248 1392 1282 1419 tu
1308 1397 1436 1427 nocens,

229 1432 292 1463 Per
317 1442 395 1472 quas
420 1433 570 1464 lavantur
596 1433 739 1467 crimina.
920 1434 988 1466 Nec
1015 1436 1164 1466 aestimes
1190 1436 1355 1469 iudicium.

191 1543 198 1550 .
227 1519 332 1558 Caput
359 1518 470 1550 dolens
497 1519 651 1551 ecclesiae
859 1523 891 1553 4.
919 1521 1023 1552 Homo
1051 1523 1151 1561 capit,
1179 1532 1240 1553 non
1267 1523 1411 1562 angelus,

226 1566 384 1599 Membris
411 1567 501 1599 dedit
526 1567 689 1603 solacium.
919 1569 1162 1609 Redemptionis
1189 1571 1335 1609 gratiam,

228 1614 350 1646 Vulnus
376 1615 449 1646 tulit
475 1625 534 1656 pro
560 1616 691 1648 vulnere
917 1618 1065 1657 Ingratus
1092 1622 1139 1649 est
1166 1619 1258 1650 homo
1285 1618 1394 1661 magis,

224 1662 339 1695 Totum
366 1664 557 1705 propulsans
584 1664 707 1697 vitium.
917 1666 976 1704 Qui
1004 1667 1127 1706 spernit
1150 1666 1229 1698 haec
1256 1667 1417 1708 suffragia.

554 1745 585 1774 5.
613 1742 681 1774 Deo
707 1743 792 1782 patri
819 1742 859 1773 sit
887 1743 989 1783 gloria

616 1790 857 1831 Vulneratoque
883 1790 949 1822 filio

613 1839 691 1871 Cum
719 1839 835 1878 spiritu
858 1840 1016 1879 paraclito

612 1887 655 1919 Et
680 1897 764 1920 nunc
790 1891 822 1919 et
847 1888 880 1919 in
907 1893 1108 1928 perpetuum.

239 1963 324 1990 Brev.
360 1963 480 1991 Ordinis
511 1964 634 1991 fratrum
669 1964 867 1991 Eremitarum
901 1974 922 1990 S.
955 1965 1039 1991 Pauli
1073 1966 1142 2000 imp.
1174 1966 1308 1992 Venetiis
1343 1964 1425 1993 1540.
1455 1980 1491 1986 —-

162 2001 316 2037 „Officium
344 2002 380 2029 de
409 2004 547 2038 passione
572 2004 694 2030 Domini
724 2012 775 2038 per
797 2012 911 2030 omnem
934 2007 1046 2030 sextam
1070 2005 1173 2031 feriam
1196 2005 1402 2031 celebrandum
1427 2025 1433 2031 .
1455 2025 1462 2031 .
1485 2026 1489 2031 .

159 2044 310 2076 receptum
339 2050 391 2078 per
414 2045 512 2078 patres
535 2042 703 2070 definitores
728 2050 806 2069 anno
831 2041 930 2069 1536st
955 2058 991 2061 —
1018 2043 1040 2071 l.
1066 2042 1078 2070 1
1105 2043 1166 2070 das.
1189 2057 1225 2061 —
1247 2042 1273 2074 5,
1294 2043 1311 2069 :3
1334 2044 1493 2079 paracleto.

594 2166 640 2196 28.
683 2166 723 2196 De
748 2164 896 2196 Passioue
918 2165 1050 2196 Domini.

702 2227 754 2254 Ad
783 2227 940 2253 Laudes.

159 2296 190 2328 1.
218 2295 317 2328 Latus
342 2299 467 2336 patens,
495 2296 579 2328 latus
606 2295 707 2328 fluens
855 2297 886 2328 2.
916 2296 1033 2330 Clavus
1061 2296 1191 2327 rebellis
1219 2295 1342 2328 ferreus

218 2346 329 2386 Aquas
357 2344 448 2377 dedit
474 2353 545 2376 cum
571 2345 737 2387 sanguine,
915 2345 1036 2376 ‘sensas
1063 2354 1174 2376 manus
1201 2345 1233 2376 in
1260 2345 1371 2385 stipite

219 2393 363 2434 Sponsae
387 2393 498 2434 nigrae
524 2394 624 2436 tergit
651 2403 745 2434 rugas
915 2393 1013 2433 Figit,
1040 2393 1187 2433 latusque
1213 2392 1358 2434 perforat

215 2441 277 2474 Dei
300 2442 412 2474 lavans
438 2442 621 2482 imaginem.
915 2441 1018 2473 Sudes
1045 2446 1139 2474 acuta
1163 2442 1284 2475 militis.
