1653 2656
734 146 993 182 —126—

213 255 243 286 5.
271 249 525 292 Dogmatizantis
550 247 702 288 populum
896 246 927 276 6.
955 241 1088 280 Aedem,
1115 239 1226 271 urbem
1252 243 1283 270 et
1308 237 1434 270 moenia

272 300 375 332 Huius
402 301 496 338 caput
522 295 691 333 exciditur,
957 290 1020 327 Sic,
1048 291 1142 328 pater
1165 286 1281 326 Migdi‚
1308 285 1414 325 visita,

276 349 313 380 In
339 347 426 378 birro
453 344 515 376 fert
543 343 584 375 ad
610 342 764 374 tumulum
958 337 1003 369 Ut
1027 335 1119 376 pulsa.
1143 335 1218 366 hinc
1241 333 1369 374 ignavia

272 395 368 433 Illud.
395 393 447 433 qui
473 392 561 423 caelo
586 390 722 422 ducitur.
957 385 1172 418 concrescant
1199 382 1327 414 Christo
1353 380 1477 413 merita.

574 468 604 498 7.
632 466 777 497 Praestet
803 463 863 494 hoc
889 461 956 493 nati
981 459 1116 500 genitor,

636 513 704 544 Hoc
729 510 882 552 genitoris
909 509 1034 549 genitus

633 561 682 592 Ac
708 569 766 599 par
791 558 917 597 utrique
944 555 1090 587 conditor

637 607 814 639 Paraclitus
840 605 899 636 hoc
925 603 1068 644 spiritus.

290 689 373 715 BreV.
396 695 446 713 ms.
470 687 617 713 Romanae
639 684 745 710 Curiae
772 690 847 708 saec.
873 679 915 707 15.
937 678 1007 706 cod.
1028 678 1163 703 Vntican.
1185 673 1269 702 6255.
1292 676 1326 701 Α.
1340 688 1377 692 -—
1392 673 1528 701 Officium

214 730 242 755 S.
268 726 372 761 Migdii
394 727 460 759 inq».
484 725 621 751 Anconae
645 719 725 748 1522.
749 722 779 747 B.
801 733 839 738 —
862 717 885 745 1.
908 716 925 744 ‘2
949 720 1066 743 sanctus
1087 717 1126 742 A:
1151 717 1251 741 sancto
1267 714 1299 740 Β.
1322 727 1358 732 --
1382 710 1406 743 1,
1429 709 1446 738 3
1461 711 1529 738 Ger-

214 767 330 793 manica
353 765 384 790 B.
408 778 442 781 —
465 762 494 795 2¹,
525 760 541 787 ‘2
564 769 656 795 pagne
679 761 712 785 A.
735 773 771 777 —-
793 756 825 785 2.
853 755 870 783 2
891 755 1029 791 Emigdis·
1052 755 1085 780 A.
1107 767 1143 772 —-
1165 750 1191 783 3,
1213 750 1230 778 3
1253 751 1330 778 redit
1350 750 1384 776 A.
1407 764 1442 768 —-
1465 748 1490 780 5,
1512 746 1530 775 3

214 805 314 831 Inbiro
337 803 426 829 fertur
447 802 481 827 A.
504 814 536 818 --
560 798 585 826 6,
607 797 625 825 2
644 797 772 832 Emigdi.
803 811 832 813 —
857 794 883 827 6,
904 794 922 821 4
944 793 1129 821 Candescant
1150 791 1260 818 Christi
1276 790 1309 816 A.
1324 804 1361 808 —
1376 787 1403 821 7,
1422 787 1435 814 1
1458 787 1530 814 haec

214 843 257 875 A;
280 842 333 868 hoc
356 841 439 867 nobis
461 840 576 873 genitor
597 838 628 863 B.
651 851 688 855 —
709 835 734 868 7,
756 834 774 861 3
796 835 837 860 Ac
859 835 1025 868 pariterque
1047 832 1080 857 A.
1101 846 1132 850 —
1149 828 1175 861 7,
1196 827 1214 856 4
1229 829 1268 856 Et
1290 827 1451 863 paraclitus
1473 825 1529 852 hic.

647 966 707 997 213.
750 966 791 996 De
814 966 921 995 sancto
943 962 1094 1000 Emigdio.

757 1025 807 1051 Ad
833 1024 990 1051 Laudes.

220 1111 251 1141 1.
279 1110 439 1140 Aeternae
464 1105 530 1145 regi
556 1104 674 1144 gloriae
903 1103 937 1132 4.
964 1100 1087 1138 Rupem
1115 1097 1229 1136 rumpi.
1257 1105 1318 1135 qua
1344 1094 1474 1135 profluit

281 1156 396 1194 Psalle,
425 1154 538 1184 chorus
564 1151 716 1187 fidelium,
968 1146 1060 1179 Unda
1086 1153 1186 1185 aquae
1212 1145 1343 1184 irrigua,

281 1203 340 1242 Qui
363 1202 486 1241 Migdio
512 1200 644 1231 militiae
965 1194 1024 1233 Qui
1050 1193 1155 1232 Moysi
1183 1192 1368 1232 promeruit.

282 1251 322 1282 Se
346 1251 448 1290 ipsum
476 1249 529 1280 dat
555 1246 759 1286 stipendium.
965 1241 1060 1281 Sequi
1087 1240 1175 1272 iubet
1201 1239 1330 1271 indicia.

224 1330 254 1360 2.
283 1327 368 1359 Hinc
395 1325 484 1355 miles
511 1323 629 1356 Christi
656 1321 804 1362 praevius
909 1321 941 1350 5.
969 1318 1031 1349 Hic
1057 1321 1147 1348 natos
1174 1314 1333 1354 naufragii

284 1373 411 1413 Magnis
438 1371 536 1411 fulget
563 1370 728 1410 prodigiis,
971 1365 1053 1396 Nota
1079 1363 1231 1404 baptismi
1259 1362 1361 1402 diluit,

287 1422 338 1453 Sic
365 1421 431 1451 eius
457 1420 551 1450 micat
578 1418 686 1449 radius
969 1413 1051 1444 Dum
1077 1410 1173 1443 fluvio
1201 1410 1339 1450 Polymii

286 1469 380 1501 Miris
406 1467 522 1498 mundo
549 1465 717 1504 suffragiis.
970 1461 1086 1492 Natam
1113 1463 1255 1491 renatam
1282 1457 1397 1490 induit.

228 1550 259 1580 3.
286 1544 463 1578 Daemonia
487 1544 519 1574 in
545 1542 640 1574 idolis
917 1539 948 1570 6.
975 1536 1074 1569 Offert
1100 1545 1134 1567 se
1161 1536 1286 1567 demum
1312 1535 1467 1575 iuvenem,

288 1595 369 1626 Eius
396 1591 591 1623 succendunt
616 1589 727 1620 merita
975 1584 1148 1616 Aureolum
1176 1584 1250 1615 dum
1277 1581 1457 1622 praevidet,

290 1641 520 1679 Succensisque
546 1648 564 1670 a
590 1637 731 1668 credulis
975 1634 1038 1665 Pro
1053 1632 1183 1664 Christo
1202 1630 1339 1662 fundens
1358 1630 1544 1670 sanguinem

291 1689 411 1723 Christi
437 1688 583 1719 coluntur
608 1685 737 1717 monita.
978 1683 1120 1713 Aeterna
1147 1679 1231 1711 dona
1256 1678 1412 1718 possidet.

569 1764 599 1795 7.
628 1762 769 1798 Praesta,
797 1762 899 1799 pater,
927 1767 997 1790 cuni
1024 1756 1089 1788 filio

632 1808 882 1846 Consolatorque
907 1806 1050 1846 spiritus,

632 1859 661 1889 A
689 1856 856 1888 criminum
883 1853 1028 1894 contagio

633 1904 700 1936 Nos
724 1904 776 1935 hic
802 1902 950 1934 emundet
977 1900 1132 1932 funditus.

316 1987 400 2013 Brev.
423 1993 474 2011 ms.
496 1984 644 2010 Romanae
666 1981 771 2008 Curiae
794 1987 870 2006 saec.
894 1977 938 2004 15.
961 1976 1029 2004 Cod.
1052 1977 1186 2002 vatican.
1203 1973 1287 2002 6255.
1309 1976 1344 2001 A.
1363 1989 1398 1993 -—
1415 1974 1553 2002 Officium

237 2030 267 2054 ξ.
291 2025 397 2060 Migdii
417 2025 485 2057 imp.
506 2022 644 2048 Anconae
669 2017 750 2046 1522.
772 2020 803 2046 B.
826 2031 862 2036 -
886 2015 916 2047 1,
944 2014 961 2042 2
982 2014 1095 2042 Psallat
1116 2015 1148 2040 B.
1170 2029 1207 2032 ——
1229 2011 1262 2040 3.
1289 2011 1307 2040 3
1329 2013 1555 2048 Succensusque

238 2066 271 2092 B.
294 2078 330 2083 —
351 2061 377 2093 3,
399 2061 417 2088 4
437 2060 537 2088 colunt
558 2060 591 2086 A.
613 2073 648 2077 —-
669 2057 696 2090 4,
722 2056 734 2084 1
759 2058 869 2092 Cupem
892 2055 957 2090 rupi
980 2055 1012 2081 A.
1035 2067 1071 2070 —
1094 2052 1122 2084 4,
1137 2050 1154 2079 2
1176 2060 1253 2087 aqua
1274 2052 1334 2078 ΑΒ.
1350 2066 1387 2070 -
1402 2052 1428 2084 5,
1447 2051 1459 2079 l
1483 2051 1556 2079 fehlt

240 2105 305 2130 eiue
323 2101 403 2129 Silbe
418 2100 477 2126 AB.
492 2113 528 2117 —
543 2097 570 2129 5,
590 2095 608 2124 2
630 2097 775 2132 baptismo
790 2096 849 2122 AB.
868 2108 904 2112 —
919 2092 945 2123 6.
966 2090 984 2119 2
1006 2091 1139 2128 providet
1154 2092 1188 2117 A.
1206 2107 1241 2110 —
1257 2089 1283 2123 7,
1309 2090 1321 2117 1
1339 2091 1392 2118 Per
1413 2094 1440 2118 te
1462 2094 1555 2126 pater.

643 2218 706 2249 214.
746 2217 790 2248 De
811 2218 918 2247 sancto
942 2214 1145 2245 Emmeramo.

247 2307 277 2338 1.
307 2305 453 2345 Hymnus
479 2306 510 2334 te
537 2302 638 2342 decet,
666 2299 811 2337 Domine,
928 2298 960 2330 2.
987 2296 1048 2328 Hic
1073 2295 1244 2337 imaginem
1271 2295 1353 2327 coici

306 2353 343 2385 In
369 2352 428 2383 hoc
454 2350 615 2383 saeculum
641 2347 738 2380 labile
992 2344 1101 2376 Induit
1127 2348 1220 2376 natus
1247 2344 1374 2384 virgini,

305 2401 365 2440 Qui
391 2409 450 2440 pro
476 2399 578 2431 salute
603 2396 764 2428 hominurn
991 2393 1059 2432 Quo
1085 2392 1237 2424 mortales
1263 2392 1400 2425 invalidi

306 2449 408 2481 Tuum
432 2447 546 2479 misisti
571 2445 682 2479 filium.
996 2440 1158 2473 Caelestes
1183 2441 1309 2481 possint
1335 2439 1416 2473 fieri.
