1653 2656
717 139 952 172 —10—

548 260 575 290 2.
618 259 753 298 Hymnus
774 260 810 291 de
833 262 945 291 sancta
969 259 1140 291 Trinitate.

274 338 320 370 Te
347 339 439 371 decet
465 340 544 376 laus,
572 344 604 371 te
632 341 723 372 decet
749 342 895 382 hymnus,
922 341 1063 380 gloriosa
1089 341 1228 380 trinitas,
1256 344 1350 381 pater
1367 345 1399 373 et
1416 340 1502 373 filius

177 391 209 417 et
234 387 369 428 spiritus
398 393 544 429 sanctus;
573 388 659 420 Dens
685 398 765 420 unus
791 389 1004 430 omnipotens,
1031 388 1090 420 tibi
1116 389 1229 428 gloria.

275 435 320 466 Te
346 435 416 467 iure
442 436 586 475 laudant,
615 441 645 467 te
671 437 817 476 adorant,
845 441 877 467 te
903 436 1103 478 glorificant,
1139 437 1309 468 universae
1335 440 1504 469 creaturae

176 486 259 522 tuae,
288 492 306 514 0
332 482 426 514 beata
451 483 578 514 trinitas

273 530 318 562 Te
351 540 407 562 nos
441 531 565 570 indigni
597 531 765 563 laudamus
800 536 831 563 et
866 532 1058 572 adoramus,
1098 535 1130 562 te
1166 531 1406 571 benedicimus,
1443 531 1504 564 tibi

175 578 294 618 gratias
321 579 453 618 agimus,
480 588 498 609 0
525 578 618 610 beata
644 586 675 610 et
701 580 841 618 gloriosa
867 580 1007 610 trinitas.

270 626 398 657 Exaudi
425 636 482 657 nos
509 631 539 657 et
567 627 718 658 miserere
745 628 846 659 nostri
871 632 902 658 et
929 627 1056 658 dimitte
1074 627 1224 658 universa
1243 627 1364 660 delicta
1380 631 1501 667 nostra,

174 673 302 704 trinitas
329 672 433 706 beata.

272 721 390 752 Libera
415 731 472 753 nos
492 722 531 753 de
550 722 662 761 poenis
680 721 798 754 inferni
825 727 857 754 et
875 723 915 754 de
933 727 1094 762 potestate
1113 727 1299 755 cunctorum
1318 724 1501 756 adversari-

173 777 263 800 orum
290 773 481 810 nostrorum,
510 775 621 801 sancta
647 774 679 801 et
705 770 878 802 laudabilis
906 771 1045 803 trinitas.

270 817 404 849 Praesta
428 817 519 848 nobis
546 818 685 858 aliquam
711 823 838 858 partem
862 820 986 850 aeterni
1012 819 1132 860 gaudii,
1160 824 1195 850 ut
1221 825 1253 851 te
1278 820 1413 852 laudare
1430 819 1499 852 sine

173 863 236 895 fine
261 873 453 903 mereamur,
481 866 608 897 trinitas
634 872 745 898 sancta
771 871 801 898 et
829 867 999 899 benedicta
1024 872 1054 898 et
1082 867 1231 907 gloriosa.

269 912 295 944 Ο
323 913 487 944 laudanda
513 918 541 944 et
577 914 743 946 adoranda
777 919 873 954 atque
909 916 1093 947 veneranda
1119 916 1266 956 trinitas,
1302 915 1362 946 tibi
1387 916 1500 956 gloria,

175 960 255 999 laus,
282 960 383 992 honor
407 966 438 992 et
463 961 610 992 iubilatio
636 962 668 993 iu
695 967 826 994 aeterna
852 963 990 997 saecula.

250 1045 342 1072 Psalt.
364 1049 392 1072 et
413 1045 511 1080 hymn.
535 1056 586 1072 nis.
609 1047 819 1074 Valcidorense
850 1057 926 1075 saec.
956 1046 1030 1075 ¹¹l12'.
1055 1049 1128 1076 Clm.
1149 1049 1304 1076 Monacen.
1329 1047 1435 1076 13067.

582 1159 609 1189 3.
654 1159 693 1189 De
715 1160 917 1190 sanctissima
939 1160 1103 1192 Trinitate.

178 1237 207 1269 1.
235 1238 281 1269 Te
308 1238 400 1269 decet
425 1238 505 1277 laus,
532 1239 679 1276 Domine,
865 1242 895 1274 3.
923 1240 983 1279 Da,
1010 1249 1212 1281 quaesumus,
1239 1242 1340 1273 lucem
1367 1242 1468 1274 oculis

233 1285 294 1323 Qui
319 1295 353 1316 es
380 1286 469 1317 dives
496 1286 527 1317 in
553 1287 710 1325 omnibus,
923 1288 965 1319 Et
993 1288 1044 1320 fac
1071 1290 1210 1321 intentos
1238 1290 1372 1330 animos,

233 1333 292 1372 Qui
320 1333 376 1365 das
403 1337 435 1364 et
460 1343 522 1365 non
548 1335 769 1374 improperas3
924 1340 1061 1367 Acutam
1088 1342 1225 1368 mentem
1253 1337 1359 1369 tribue

234 1380 284 1411 Da
309 1381 401 1412 uobis
428 1382 629 1420 sapientiam,
924 1384 967 1415 Et
991 1393 1085 1416 aures
1112 1385 1220 1416 cordis
1247 1386 1373 1424 apperi.

174 1467 206 1498 2.
234 1466 306 1498 Non
332 1467 430 1498 altam
458 1468 549 1499 huius
575 1468 705 1506 saeculi,
866 1472 898 1501 4.
927 1469 977 1501 Da
1003 1470 1094 1501 nobis
1120 1479 1247 1502 sensum
1274 1472 1452 1511 proprium,

235 1515 322 1553 Quae
348 1520 395 1546 est
422 1515 561 1554 superbe
587 1525 712 1556 sapere,
925 1517 975 1549 Da
1002 1518 1167 1549 cerebrum
1194 1520 1377 1561 memoriae,

235 1562 299 1594 Sed
324 1562 402 1594 Jesu
429 1563 557 1595 Christo
583 1563 721 1596 Domino
925 1566 975 1596 Da
1000 1566 1202 1598 intellectum
1228 1567 1370 1607 vigilem,

236 1611 336 1643 Pleno
363 1610 502 1643 feramus
528 1612 651 1644 ordine.
924 1614 969 1644 Te
995 1614 1129 1646 laudent
1154 1620 1265 1646 nostra
1291 1615 1388 1649 labia.

549 1701 580 1730 5.
608 1699 751 1736 Praesta,
779 1699 860 1738 pius,
888 1700 1042 1740 piissime,

606 1747 663 1786 Qui
691 1755 724 1778 es
750 1752 852 1787 pater,
879 1748 1067 1787 parentibus

605 1795 854 1834 Praeceptorum
882 1795 1045 1836 prioribus

609 1843 741 1874 Plenum
768 1848 956 1883 perceptum
983 1845 1121 1884 plenius.

250 1927 341 1954 Psalt.
368 1931 397 1954 et
422 1927 520 1962 hymn.
544 1936 595 1954 ms.
624 1928 835 1955 Valcidorense
864 1937 923 1956 sae.
954 1928 1025 1956 ¹¹l12.
1055 1930 1128 1957 Clm.
1150 1931 1306 1959 Monacen.
1331 1931 1440 1960 13067.
1462 1949 1499 1955 —

172 1963 218 1999 2,3
240 1966 297 1993 Sed
318 1966 382 1998 tibi,
404 1966 532 1992 Domine
553 1966 625 1992 Jesu
647 1966 764 1994 Christo
788 1967 915 1994 Domino
937 1968 992 1995 Hs.
1012 1982 1049 1986 —
1070 1967 1116 2001 3,3
1137 1970 1268 1997 Acutem.
1287 1985 1322 1990 —-
1345 1971 1371 2003 5,
1393 1971 1411 1999 4
1432 1972 1497 2000 Ple-

171 2013 238 2031 nam
261 2005 418 2040 perfectam
441 2004 566 2039 plenius.
592 2019 630 2023 -——
657 2006 762 2032 Dieser
781 2005 916 2040 Hymnus
938 2006 1011 2043 folgt
1033 2008 1063 2033 in
1084 2007 1135 2034 der
1159 2009 1213 2035 Hs.
1234 2011 1429 2038 unmittelbar
1449 2012 1503 2039 auf

170 2043 227 2071 den
248 2042 441 2079 prosaisehen
462 2042 597 2078 gleichen
619 2044 758 2079 Anfangs.

570 2156 599 2186 4.
640 2156 683 2186 De
705 2156 908 2187 sanctissima
929 2156 1097 2188 Trinitate.

679 2217 731 2244 Ad
753 2217 987 2244 Matutinum.

170 2295 200 2328 1.
229 2294 357 2327 Laudes
384 2296 526 2328 dicamus
553 2296 690 2328 Domino
866 2298 897 2329 2.
925 2296 974 2327 Tu
1000 2305 1044 2337 es,
1070 2297 1122 2337 qui
1149 2307 1221 2330 eras
1247 2304 1353 2339 antea,

231 2343 293 2375 Per
317 2353 426 2376 omnes
444 2345 569 2385 linguas
595 2345 768 2384 hominum,
924 2344 972 2376 Tu
996 2353 1039 2386 es,
1068 2346 1120 2385 qui
1146 2347 1209 2378 eris
1235 2352 1359 2388 postea,

227 2391 286 2425 Cui
311 2401 403 2424 omne
429 2402 511 2432 genu
536 2391 686 2431 flectitur,
922 2393 1041 2426 Triuus
1066 2398 1097 2424 et
1122 2403 1213 2433 unus,
1241 2396 1343 2436 gloria

228 2440 271 2472 Et
297 2449 391 2473 voces
417 2445 546 2474 nostrae
571 2441 717 2473 iubilent.
923 2441 996 2473 Tibi
1023 2441 1110 2473 Deus
1136 2451 1196 2482 per
1221 2446 1360 2478 saecula.
