1653 2656
753 145 1013 182 —297—

666 293 730 326 501.
772 295 814 327 De
836 299 948 330 sancta
969 299 1094 341 Ulphia.

714 370 763 397 Ad
790 367 816 398 2.
845 372 1044 410 Vesperas.

216 454 244 484 l.
274 453 392 495 Pange,
422 457 542 499 lingua,
571 461 730 500 gloriosae
912 469 944 500 4.
972 469 1050 501 Tam
1078 471 1217 504 nobilem
1244 480 1315 514 post
1335 475 1544 517 triumphum,

322 503 464 544 Ulphiae
490 509 673 548 praeconia.
1023 519 1120 559 Virgo
1146 520 1239 553 fortis
1266 523 1397 565 Ulphia‚

271 550 336 582 Dic
362 553 498 593 virginis
523 565 697 596 generosae
971 565 1079 598 Times
1105 568 1211 600 adhuc
1237 572 1414 610 periculum

320 599 464 634 Virtutes
491 607 521 634 et
548 606 682 645 proelia,
1015 614 1057 646 Et
1085 617 1198 655 procul
1224 628 1241 649 a
1269 620 1373 658 patria

270 648 353 687 Quot
379 650 449 682 zelo
472 652 649 691 pudicitiae
967 661 1079 694 Crucis
1106 665 1256 704 amplexa.
1285 669 1434 699 vexillum

317 696 421 735 Fecit,
449 700 525 732 tulit
551 700 658 735 fortia.
1014 710 1100 743 Loca
1127 715 1255 752 quaeris
1282 716 1378 748 invia.

206 797 238 828 2.
270 797 305 828 111
333 799 500 840 primaeva
524 802 689 835 iuventute
907 812 938 843 5.
967 811 1056 843 Inter
1081 813 1234 846 silvarum
1262 816 1402 849 latebras

314 845 417 879 Donis
444 847 562 882 florens
588 851 721 892 Ulphia.
1014 860 1120 892 Vitam
1149 863 1238 894 ducis
1266 865 1428 904 caelimm,

267 893 397 927 Summa
423 895 562 938 flagrans
590 901 725 933 caritate
963 907 1099 940 Immitis
1127 919 1253 942 carnem
1281 920 1428 946 cruentas

315 943 444 976 Christo
470 955 504 977 se
532 948 586 979 dat
613 949 751 990 impigra
1012 955 1055 987 Et
1081 962 1211 998 torques
1238 960 1411 994 innoxiam.

263 990 307 1022 Et
333 993 492 1031 promissa
518 997 616 1027 semel
643 996 708 1029 fide
960 1002 1038 1042 Nos,
1066 1006 1119 1044 qui
1147 1010 1192 1037 tot
1220 1017 1379 1041 meremur
1402 1020 1536 1050 poenas,

312 1039 384 1071 Non
411 1043 535 1074 recedit
562 1050 684 1083 postea.
1008 1052 1070 1083 Vix
1097 1062 1268 1092 precamur
1295 1059 1429 1090 veniam.

197 1140 229 1173 3.
259 1140 363 1172 Divae
389 1151 444 1173 cor
470 1144 693 1176 intemeratum
899 1151 930 1183 6.
961 1151 1009 1183 Sit
1035 1155 1186 1191 perennis
1212 1155 1281 1187 laus
1308 1160 1444 1199 parenti,

307 1188 452 1220 Horrens
478 1192 575 1223 saecli
603 1195 742 1237 nuptias,
1005 1199 1053 1231 Sit
1081 1204 1230 1240 perennis
1259 1204 1334 1238 filio.

255 1236 363 1268 Minas
390 1238 527 1278 despicit
554 1247 734 1285 parentum,
953 1247 1004 1279 Ab
1031 1253 1166 1289 utroque
1192 1254 1381 1291 procedenti

303 1284 451 1325 Despicit
477 1293 507 1318 et
536 1289 696 1331 lacrimas,
1001 1296 1048 1328 Sit
1076 1307 1176 1338 aequa
1204 1302 1374 1339 paraclito.

255 1332 380 1373 Corpus
408 1336 513 1367 caedit
542 1337 726 1374 delicatum,
954 1345 1016 1376 Per
1041 1355 1133 1385 quem
1163 1348 1265 1379 virtus
1292 1350 1322 1380 in
1351 1351 1473 1383 imbelli

306 1382 421 1414 Preces
448 1384 539 1415 addit
568 1384 722 1422 fervidas.
999 1393 1102 1425 Tanto
1128 1394 1217 1427 fulsit
1245 1399 1360 1429 animo.

265 1479 588 1521 [Lori-iquet-SellierL
618 1488 764 1516 Nouvelle
786 1490 841 1518 vie
863 1489 900 1518 de
922 1494 1018 1521 sainte
1041 1494 1154 1530 Ulphe,
1180 1498 1278 1533 vierge
1303 1504 1473 1533 patrunesse
1491 1502 1526 1527 ·l··

184 1519 302 1557 l‘eglise
325 1521 488 1550 d'Amiens.
512 1525 640 1555 Amiens,
666 1526 748 1554 1341.
770 1538 797 1563 p.
819 1527 883 1557 239.
906 1532 989 1559 Ohne
1012 1534 1135 1568 Augabe
1152 1537 1234 1562 einer
1256 1538 1360 1570 quelle

637 1708 707 1739 502.
749 1709 791 1740 De
815 1714 924 1743 sancto
949 1713 1069 1746 Ursino.

692 1786 716 1812 A
728 1785 745 1812 d
773 1787 1005 1817 Matutinuni.

185 1867 213 1899 1.
243 1867 268 1900 O
295 1877 390 1909 quam
418 1870 524 1910 dignis
551 1872 764 1906 celebrandus
883 1879 915 1911 3.
943 1879 1058 1911 Multis
1084 1882 1191 1914 missis
1218 1891 1290 1923 post
1320 1892 1349 1916 et
1378 1892 1452 1919 ante

291 1916 370 1949 Dies
396 1919 458 1950 iste
484 1921 621 1960 gaudiis
991 1928 1189 1963 Praedicare
1217 1934 1341 1965 veniam

237 1965 283 1998 Et
309 1975 404 2006 quam
434 1968 539 2008 dignis
568 1972 770 2004 venerandus
942 1976 1011 2008 Hoc
1039 1978 1177 2011 Ursinus
1205 1983 1450 2016 commendante

282 2014 422 2048 Ursinus
450 2019 644 2060 praeconiis,
989 2025 1144 2066 Deposcit
1172 2029 1341 2064 Bituriam.

233 2063 305 2096 Non
334 2063 506 2098 fraudatus
529 2077 588 2099 nec
610 2067 814 2102 frandandus
937 2073 1012 2106 Solo
1039 2076 1128 2108 Iusto
1156 2079 1329 2111 comitante

279 2112 365 2145 Socii
391 2115 566 2156 obsequiis.
984 2123 1107 2156 lassam
1135 2127 1222 2160 subit
1248 2130 1400 2168 patriam.

177 2214 210 2246 2.
239 2214 388 2247 Clemens
414 2217 545 2256 quidam
573 2219 664 2251 Petri
692 2229 781 2252 more
877 2224 910 2257 4.
939 2223 1001 2255 Hic
1029 2225 1148 2258 Ursino
1176 2230 1386 2268 praedicante

280 2263 406 2296 Nomen
435 2265 559 2298 Christi
584 2269 765 2308 praedicat,
986 2273 1160 2307 Clementis
1186 2277 1323 2318 imperio

227 2311 353 2344 Tantae
380 2314 494 2345 messis
521 2325 641 2355 paucos
668 2316 739 2349 fore
934 2321 1042 2354 Iustus
1070 2323 1139 2355 Deo
1165 2327 1375 2366 permittente

275 2360 441 2393 Messores
467 2363 640 2404 significat.
979 2370 1124 2404 Recessit
1151 2374 1191 2405 de
1216 2377 1332 2408 medio.

229 2409 457 2442 Praedicendo
482 2420 555 2444 cum
581 2413 694 2446 labore
929 2417 1038 2450 Solum
1065 2421 1146 2452 urbe
1171 2423 1235 2455 iam
1262 2425 1396 2458 absente

271 2457 452 2499 Discipulis
477 2460 616 2495 indicat.
977 2467 1072 2501 Nono
1099 2470 1246 2504 miliaria.
