1653 2656
355 1030 408 1062 10.

349 1272 403 1303 15.

347 1513 403 1545 20.

343 1757 398 1790 25.

337 2000 394 2032 30.

335 2244 392 2277 35.

332 2486 389 2518 40.

746 164 908 200 —261
963 184 1005 188 —

654 392 721 423 437.
764 393 806 423 De
828 394 936 424 sancto
957 392 1092 424 Nicolao.

490 480 524 508 R.
547 480 572 508 O
593 482 761 509 venerande
783 483 885 515 amice,
908 483 964 510 Dei
986 483 1109 510 Nicolae
1131 486 1254 510 amator.

439 597 548 636 Sume,
577 597 691 629 Nicola
718 607 819 640 sacer,
848 598 983 630 devotae
1009 607 1141 630 munera
1165 599 1280 635 laudis,

486 645 607 686 Magna
633 650 767 685 tropaea
793 646 897 677 libens
923 655 1023 686 sume,
1048 647 1164 678 Nicola
1190 656 1290 681 sacer.

437 693 535 733 Orgia
561 698 653 734 grata
679 704 758 725 cano
784 694 913 734 populis
941 695 980 726 de
1008 696 1156 734 praesule
1183 705 1308 736 magno,

486 741 530 773 Ut
557 742 663 773 cuncti
690 742 836 779 iubilent,
864 743 952 779 orgia
979 748 1071 784 grata
1098 753 1187 777 cano,

443 789 618 831 Laudibus,
647 791 740 827 alme,
768 791 830 821 tuis
855 792 965 830 populi
992 791 1151 822 laetantur
1177 797 1319 834 ovantes,

487 842 584 869 Astra
610 838 676 878 poli
704 839 859 878 plaudant
886 839 1046 875 laudibus,
1074 840 1166 874 alme,
1194 841 1268 872 tuis.

436 886 538 927 Euge,
566 885 703 922 benigne
731 896 820 927 puer,
848 887 932 918 altus
959 888 1133 928 spiramine
1160 897 1251 919 sacro

486 934 672 966 Contemuis
698 944 862 966 mammas,
890 944 977 974 euge,
1006 936 1142 975 benigne
1169 945 1259 975 puer.

437 981 541 1013 Fulva
569 983 690 1013 talenta
716 983 824 1014 iacens
851 982 968 1014 famam
996 983 1162 1023 lupanaris
1188 985 1323 1027 meniis,

484 1030 638 1069 Clamque
665 1031 791 1062 domum
820 1039 943 1062 remeas
972 1030 1058 1062 fulva
1086 1032 1208 1063 talenta
1234 1033 1351 1065 iacens.

437 1077 572 1119 Plaude,
600 1078 725 1118 Myrea,
756 1078 837 1117 polis
863 1083 952 1109 tanto
980 1080 1130 1110 redimita
1159 1080 1284 1119 decore,

483 1126 636 1157 Praesule
663 1126 722 1157 sub
750 1136 864 1164 magno
891 1127 1020 1165 plaude,
1048 1128 1174 1167 Myrai,
1200 1129 1294 1167 polis.

435 1173 532 1206 Unda
559 1173 694 1205 furentis
721 1184 822 1213 aquae
848 1175 987 1205 lembum
1015 1176 1181 1214 quassavit
1204 1177 1235 1206 in
1263 1179 1338 1220 alto,

481 1221 526 1253 Te
553 1222 746 1261 prohibente
774 1223 848 1253 silet
873 1224 961 1254 unda
987 1223 1123 1255 furentis
1147 1233 1257 1263 aquae.

432 1269 556 1301 Tritica
582 1275 680 1302 nauta
706 1280 799 1302 sacer
825 1271 940 1302 tribuit
962 1272 1020 1303 sub
1047 1276 1178 1311 pectore
1206 1273 1303 1317 tristi,

483 1318 633 1350 Gratulat
661 1320 808 1358 augendo
835 1320 944 1351 tritica
970 1324 1068 1352 nauta
1095 1330 1196 1352 sacer.

431 1367 577 1398 Phalanx
605 1367 715 1407 iniqua
740 1368 840 1407 mugit
867 1369 1008 1408 propriis
1036 1369 1175 1408 spoliata
1202 1371 1334 1411 colonis,

480 1415 549 1446 Ima
574 1421 688 1454 petens
715 1416 826 1456 Styiae
853 1417 994 1456 phalanx
1018 1417 1128 1457 iniqua
1154 1419 1264 1457 mugit.

431 1463 536 1495 Torve
564 1464 718 1500 chelidre,
746 1465 815 1503 sile,
844 1475 915 1496 nam
944 1466 987 1496 nil
1015 1470 1070 1497 tua
1096 1475 1229 1497 munera
1257 1474 1403 1507 prosunt,

479 1513 583 1544 Fraus
610 1518 641 1543 et
668 1518 783 1544 cuncta
810 1518 908 1554 patet,
937 1518 1028 1545 torve
1056 1515 1209 1555 chelidro,
1238 1516 1308 1551 sile,

429 1560 512 1600 Quid
539 1560 634 1597 furis,
662 1561 807 1599 Eustaci,
836 1562 969 1594 damnas
995 1563 1064 1593 sine
1091 1563 1224 1595 crimine
1249 1565 1373 1597 iustos?

478 1609 591 1641 Victor
615 1610 710 1641 adest
736 1611 884 1651 praesul·⁷
910 1611 986 1650 quid
1014 1610 1105 1649 furis,
1133 1611 1292 1644 Eustaci‘?

427 1657 452 1690 O
481 1659 666 1689 venerande
693 1659 798 1698 nimis,
827 1659 985 1698 praebens
1011 1659 1162 1700 suffragia
1189 1666 1312 1700 cuneta,

475 1706 630 1738 Omnibus
656 1707 742 1738 altor
767 1708 857 1746 ades,
884 1717 903 1739 o
930 1709 1114 1740 venerande
1140 1709 1244 1741 nimis.

425 1755 502 1794 Quis
530 1755 625 1795 valet,
653 1756 736 1787 alme
763 1756 838 1793 Dei,
865 1757 996 1788 meritas
1024 1757 1082 1788 tibi
1110 1766 1258 1796 promere
1284 1760 1408 1801 laudes,

475 1803 613 1835 Currere
639 1813 698 1843 per
724 1810 849 1843 cuncta,
877 1805 947 1845 quis
974 1806 1070 1845 valet,
1097 1806 1180 1839 alme
1206 1808 1290 1839 Dei?

426 1852 518 1883 Iussa
544 1854 722 1892 tremenda,
752 1854 854 1885 minas
882 1859 911 1884 et
942 1853 1044 1885 fastus
1071 1854 1219 1888 Caesaris
1247 1866 1337 1888 arces

472 1900 679 1941 Eparchique
710 1903 803 1933 simul
830 1903 916 1934 iussa
942 1903 1122 1938 tremenda,
1150 1906 1263 1937 minaS.

424 1949 545 1981 Caesar
571 1954 602 1981 et
628 1951 786 1982 Ablavius
814 1955 947 1983 narrant
974 1951 1036 1983 sibi
1062 1957 1173 1985 mutua
1196 1954 1275 1987 visa.

472 1999 564 2031 Iussa
591 1999 654 2031 cito
681 2004 839 2040 peragunt
867 2000 988 2032 Caesar
1014 2004 1043 2031 et
1072 2000 1240 2033 Ablavius.

422 2046 547 2085 Gloria,
575 2047 714 2087 Christe,
742 2049 813 2088 tibi,
841 2052 970 2081 sanctos
996 2049 1049 2088 qui
1078 2050 1156 2081 mire
1184 2051 1317 2083 decoras

471 2099 579 2136 Atque
605 2097 708 2128 nitere
733 2096 824 2136 facis,
853 2097 967 2137 gloria,
992 2097 1130 2135 Christe,
1158 2099 1228 2131 tibi.

422 2144 563 2184 Spiritus
590 2150 679 2177 astra
705 2146 798 2185 petit,
827 2155 944 2185 corpus
971 2146 1127 2178 miracula
1154 2148 1298 2189 praebet,

470 2194 552 2226 Ossa
578 2199 710 2226 manant
735 2195 851 2232 oleum7
880 2194 1012 2233 spiritus
1040 2199 1128 2227 astra
1151 2197 1244 2236 petit.

421 2242 559 2274 Pectora
586 2248 702 2274 cuncta
728 2243 830 2284 replet
858 2242 997 2274 mundus
1025 2243 1065 2274 de
1091 2254 1251 2276 marmore
1280 2245 1395 2285 liquor,

470 2291 557 2322 Dum
582 2290 654 2322 fluit
679 2301 699 2322 a
725 2291 847 2332 tumba,
874 2295 1010 2330 pectora
1037 2299 1151 2326 cuncta
1179 2294 1293 2334 replet.

424 2339 559 2372 Cantica
586 2339 684 2379 digna
710 2340 791 2380 Deo,
818 2339 908 2380 socii,
936 2349 1112 2380 pangamus
1136 2346 1279 2379 ovantes,

468 2389 569 2420 Astra
594 2389 687 2420 simul
715 2393 867 2420 resonent
893 2389 1020 2420 cantica
1047 2389 1143 2431 digna
1169 2391 1248 2424 Deo.

421 2435 535 2468 Dulcis
561 2446 652 2469 amor
677 2437 807 2469 Domini
835 2440 963 2468 resonet
989 2445 1060 2469 cum
1087 2448 1165 2470 voce
1192 2448 1318 2482 canora,

468 2485 624 2517 Personet
649 2495 705 2518 ore
730 2486 785 2526 pio
813 2486 916 2518 dulcis
943 2495 1034 2518 amor
1061 2488 1202 2522 Domini.
