1653 2656
688 128 926 163 -47-

172 227 205 260 3.
232 225 362 258 Intrans
390 228 518 260 domum
541 227 717 260 Zachariae
867 225 898 258 7.
924 224 1064 256 Mariam
1090 223 1139 255 sui
1167 222 1289 254 domini

235 275 362 307 Salutat
387 277 478 316 virgo
505 280 655 315 veterem,
925 272 1064 304 Matrem
1092 271 1220 303 beatam
1246 279 1427 302 memorans

234 324 333 363 Quam
361 325 539 364 parituram
564 327 697 356 noverat
926 320 1034 352 Verba
1059 319 1185 360 profert
1210 319 1367 360 angelica,

233 372 484 404 Praecursorem
513 372 671 404 altissimi.
925 369 1106 409 Completa‚
1116 377 1198 409 quae
1208 367 1377 408 praedicta
1387 370 1473 398 sunt.

174 489 207 521 4.
235 489 331 520 Almo
358 489 473 529 repleti
500 489 617 529 spiritu
866 486 897 521 8.
925 486 950 518 Ο
977 495 1071 526 quam
1098 486 1278 517 mirandum
1310 483 1449 524 saeculo,

231 536 361 569 Gaudet
384 541 489 569 mater
514 546 584 568 cum
611 535 688 578 filio,
925 535 1017 573 Quod
1041 535 1119 566 haec
1135 534 1240 565 sciens
1259 533 1294 565 fit
1312 532 1473 573 praescia,

235 585 341 616 Maria
370 585 444 617 dum
471 595 506 617 os
531 585 647 625 aperit,
927 583 1098 615 Recoleret
1125 582 1301 622 praeterita

235 633 341 664 Ambo
367 637 442 665 sunt
468 633 555 665 docti
580 634 714 673 pariter.
926 631 1112 670 Futuraque
1139 634 1377 670 praenosceret.

177 751 210 781 5.
238 749 342 780 Senex
367 749 498 789 agnovit
524 748 679 788 virginem
868 748 900 781 9,
927 747 1017 778 Tunc
1043 746 1135 777 licuit
1160 746 1354 776 charismata

235 797 337 828 Deum
365 801 490 837 gestare
516 797 548 828 iu
575 801 678 837 utero,
926 794 1052 826 Mariae
1079 794 1155 825 data
1180 794 1323 834 pandere

234 845 710 885 Fructus,quiventreclausus
723 848 782 883 est,
925 843 969 874 Et
1003 842 1153 882 hymnum
1187 843 1262 873 hinc
1289 840 1476 881 Magnificat

241 893 330 925 Caeli
357 893 504 933 cognovit
530 893 703 925 dominum.
926 890 1050 922 Devote
1075 891 1145 923 Deo
1169 898 1328 930 promere.

179 1011 212 1042 6.
239 1009 333 1042 Unde
358 1009 436 1040 mihi
463 1005 579 1053 [quod]
604 1007 712 1040 veniat
844 1006 900 1040 10.
928 1006 992 1039 Uni
1017 1006 1166 1045 trinoque
1192 1005 1330 1036 Domino

239 1058 292 1089 Ad
318 1066 368 1088 me
394 1057 453 1088 mis
479 1061 583 1088 mater
609 1055 739 1097 domini,
927 1053 974 1085 Sit
1001 1054 1198 1093 sempiterna
1223 1054 1336 1094 gloria,

236 1106 343 1145 Inquit
370 1109 446 1137 tunc
470 1104 639 1136 Elisabeth
925 1102 985 1141 Qui
1011 1111 1069 1133 nos
1096 1102 1203 1133 visitet
1231 1102 1325 1132 hodie

238 1153 370 1185 Sensum
403 1153 524 1185 habens
550 1151 784 1192 propheticum.
928 1150 997 1182 Nec
1022 1159 1084 1181 non
1112 1159 1171 1190 per
1197 1154 1311 1181 cuncta
1337 1150 1476 1182 saecula.

226 1279 311 1306 Brev.
334 1287 386 1305 ms.
408 1277 635 1305 Ambrosianum
657 1285 733 1304 saec.
758 1275 801 1303 15.
826 1275 896 1304 Cod.
918 1276 1058 1311 Borgian.
1075 1275 1105 1301 M
1120 1275 1149 1301 11
1171 1272 1216 1301 20.
1232 1288 1268 1292 —
1285 1272 1311 1306 9,
1332 1272 1349 1300 2
1370 1275 1476 1300 Maria.

594 1497 640 1528 72.
681 1497 716 1528 Iu
738 1495 930 1527 Visitatione
951 1495 1038 1526 BMV.

660 1587 713 1614 Ad
739 1587 770 1614 M
780 1587 973 1614 atutinum.

156 1708 186 1741 1.
213 1707 338 1740 Mariae
365 1716 425 1739 vox
450 1710 487 1738 ut
511 1707 616 1738 sonuit
846 1707 878 1739 3.
906 1705 1102 1737 Benedictus
1129 1713 1253 1744 quoque
1279 1703 1326 1735 tui

214 1755 383 1788 Elisabeth
409 1756 441 1787 in
467 1755 608 1796 auribus,
906 1753 1046 1785 Fructus
1074 1753 1194 1784 ventris
1219 1752 1374 1792 virginei3

214 1805 317 1845 Ipsam
345 1803 415 1836 fore
440 1808 574 1835 matrem
600 1803 671 1841 Dei,
906 1802 1002 1835 Unde
1029 1802 1099 1842 hoc,
1126 1805 1161 1833 ut
1187 1801 1229 1833 ad
1256 1809 1305 1832 me
1333 1800 1442 1833 venias

213 1853 350 1885 Revelat
374 1852 438 1884 sibi
464 1853 608 1893 spiritus,
907 1851 966 1890 Tu,
994 1854 1097 1882 mater
1123 1850 1245 1882 domiui
1271 1849 1359 1880 mei?

156 1971 188 2003 2.
214 1970 259 2002 Et
285 1970 402 2002 clamat
428 1979 505 2002 voce
531 1969 640 2001 valida
845 1969 878 2002 4.
906 1967 957 2000 Ex
985 1976 1046 2007 quo
1074 1966 1176 1998 virtus
1206 1966 1293 1997 vocis
1320 1969 1393 1996 tuae

215 2018 374 2059 Cognata:
402 2018 580 2050 Benedicta
605 2022 640 2049 tu
906 2016 1015 2048 Meum
1044 2015 1184 2055 pulsavit
1213 2018 1349 2051 uterum,

210 2068 301 2100 Inter
325 2076 434 2099 omnes
461 2067 622 2105 mulieres,
906 2064 960 2096 Ad
988 2063 1213 2095 exsultandum
1241 2062 1378 2094 Domino

213 2116 343 2149 Plenior
368 2120 480 2148 sancto
505 2115 637 2159 spiritu;
907 2113 1016 2145 Meum
1042 2121 1116 2143 mox
1144 2111 1240 2142 movit
1269 2110 1380 2143 filium.

534 2236 566 2267 5.
595 2232 712 2270 Maria,
740 2233 846 2262 mater
870 2229 993 2270 gratiae
1019 2235 1081 2261 etc.

229 2351 316 2379 Brev.
342 2351 529 2378 Bituricense
560 2351 630 2385 imp.
656 2347 791 2375 Venetiis
821 2343 904 2372 1481.
933 2345 966 2377 A,
993 2358 1030 2363 —
1057 2344 1142 2370 BreV.
1172 2343 1384 2370 Lemovicense
1416 2343 1484 2378 imp,

152 2391 323 2419 Lemovicis
360 2387 442 2417 1495.
475 2389 511 2417 B.
545 2402 583 2407 —
614 2388 699 2415 Brev.
736 2386 924 2413 Bituricense
957 2384 1027 2419 imp.
1063 2383 1234 2409 Lemovicis
1271 2380 1353 2409 1512.
1385 2382 1416 2410 C.
1449 2396 1484 2400 —

154 2429 180 2464 1,
201 2428 220 2458 3
240 2430 316 2457 foret
336 2429 370 2456 A.
393 2445 432 2449 —
453 2426 480 2460 3,
502 2426 520 2455 3
542 2437 584 2464 sq.
625 2426 668 2454 Ut
687 2426 792 2453 vem'as
811 2427 844 2451 tu
865 2423 903 2450 ad
923 2432 970 2450 me
992 2425 1085 2449 mater
1108 2422 1142 2448 A.
1158 2437 1194 2440 —
1209 2419 1236 2451 4,
1258 2419 1277 2447 4
1297 2423 1381 2448 novit
1402 2421 1432 2448 C.
1450 2436 1485 2440 —

151 2469 188 2497 In
208 2469 234 2496 B
253 2469 296 2496 In
324 2467 501 2496 secundis
525 2466 716 2502 Vesperis.
