1653 2656
217 240 248 271 3.
275 237 316 270 Se
341 246 505 269 macerans
531 237 659 277 vigiliis,

320 285 491 318 Contectus
517 285 632 323 cilicio,

273 334 406 374 Semper
430 334 529 365 instat
558 333 696 371 ieiuniis,

323 381 391 414 Nec
417 382 505 413 deest
532 381 644 417 oratio,

274 430 408 462 Sanctus
434 438 509 461 usus
533 428 702 460 absinthiis

322 477 382 509 Est
407 476 491 508 omni
517 476 673 507 convivio.

216 566 248 595 4.
275 563 359 594 Hinc
385 561 542 593 Bernardi
568 559 768 600 proferamus

326 610 483 641 Virtutum
510 609 672 648 prodigia:

277 658 410 689 Domum
438 656 513 687 fecit
543 656 685 688 caritatis

325 705 444 736 Montis
472 704 555 736 Iovis
581 704 612 735 in
640 704 701 744 via,

279 754 314 785 In
342 762 403 792 qua
429 757 542 783 cuncta
569 753 685 783 dantur
711 751 820 790 gratis,

327 800 394 832 Nec
418 804 612 839 quaeruntur
636 799 788 838 praemia.

900 234 931 265 5.
958 231 1057 264 Dedit
1083 238 1179 262 caeco
1205 229 1311 261 lumen
1337 229 1458 263 clarum

1010 279 1053 312 Et
1079 277 1184 310 sterili
1209 277 1320 317 filium,

959 329 1085 360 Pestem
1110 325 1219 366 perdit
1243 325 1437 358 locustarum

1007 375 1050 407 Et
1075 377 1224 414 potenter
1254 373 1366 405 vitium

957 423 1061 456 Homo
1088 422 1149 454 Dei
1175 431 1344 453 usurarum

1008 471 1098 503 Misit
1123 471 1155 502 in
1182 470 1340 503 exsilium.

900 559 932 591 6.
959 558 984 591 O
1011 557 1188 598 Bernarde‚
1215 556 1420 589 sacerdotum

1006 606 1127 641 Honor,
1156 605 1269 643 virtus,
1296 604 1407 644 gloria,

961 653 1091 686 Plebem
1113 661 1247 694 omnem,
1276 653 1397 684 clerum
1415 656 1526 694 toturn,

1010 701 1147 743 Mentes‚
1175 710 1297 742 manuS‚
1325 701 1413 732 labia

964 750 1016 782 Ad
1043 749 1242 781 reddendum
1269 749 1338 780 Deo
1366 751 1473 781 votum

1015 798 1083 830 Tua
1108 798 1196 829 iuvet
1222 797 1336 837 gratia.

299 886 381 912 Brev.
404 884 595 911 Gebennense
623 885 691 918 imp.
714 884 887 909 Annessiaci
912 881 985 909 1556
1005 881 1097 914 (nicht
1122 880 1226 913 15463J.
1251 896 1284 900 —
1306 879 1333 915 2,
1355 880 1372 909 6
1394 882 1481 909 Rexit
1502 882 1533 908 iu

220 923 324 950 officio.
346 937 382 940 —
403 922 429 952 4,
455 922 467 948 l
493 923 587 948 Hunc.
608 936 644 940 —
666 921 692 954 5,
714 921 730 948 5
753 922 928 948 usurarium.

663 1048 721 1078 163.
764 1047 804 1077 De
826 1049 935 1077 sancta
958 1047 1084 1077 Bertha.

739 1107 791 1134 Ad
818 1107 1010 1142 Vesperas.

225 1188 255 1218 1.
281 1186 337 1226 Te,
366 1186 501 1223 Christe,
529 1190 637 1216 nostra
664 1185 786 1216 cantica

283 1233 505 1272 Deprecantur
531 1233 705 1270 dulcisona,

283 1282 327 1314 Ut
354 1285 482 1312 sanctae
508 1280 645 1312 Berthae
670 1280 794 1311 meritis

284 1329 470 1360 Misericors
496 1329 539 1359 sis
567 1328 700 1359 miseris.

907 1186 938 1217 3.
964 1185 1012 1215 Tu
1038 1193 1072 1215 es
1099 1194 1214 1216 corona
1242 1186 1396 1225 virginum

964 1232 1055 1263 Salus
1081 1237 1176 1272 atque
1202 1232 1354 1270 fidelium,

966 1280 1198 1312 Remunerator
1223 1282 1360 1312 omnium

965 1327 1124 1359 Bonorum
1151 1337 1278 1368 semper
1303 1335 1440 1363 actuum.

222 1415 253 1447 2,
281 1414 328 1444 Tu
363 1417 504 1444 sanctam
531 1413 680 1444 Bertham
716 1413 848 1453 proprio
908 1416 939 1445 4.
969 1413 1016 1444 Sit
1041 1413 1110 1448 tibi,
1139 1414 1275 1453 Christe,
1302 1415 1414 1454 gloria,

283 1461 448 1500 sponsasti
475 1460 534 1492 tibi
560 1461 686 1502 annulo,
967 1461 1088 1501 Honor,
1116 1462 1350 1502 magnificentia

282 1508 535 1547 Astrinxistique
560 1508 667 1539 osculo
969 1510 1045 1540 [sum
1072 1514 1164 1549 patre
1191 1514 1221 1541 et
1247 1515 1358 1543 sancto
1385 1511 1501 1551 spiritu

283 1556 424 1587 Mentem
451 1556 517 1586 eius
544 1556 730 1588 castissimo.
971 1557 1030 1588 Per
1056 1557 1177 1589 infinita
1204 1559 1340 1591 saecula.

301 1641 421 1668 collect.
449 1649 501 1666 ms.
529 1640 557 1667 S.
585 1639 743 1667 Columbae
771 1641 915 1667 Senonen.
948 1651 1022 1668 saec.
1052 1640 1095 1668 12.
1127 1642 1195 1669 Cod.
1218 1643 1352 1670 Vatican.
1376 1646 1446 1681 Reg.
1470 1644 1534 1672 755.

222 1688 298 1706 saec.
323 1677 365 1705 12.
391 1693 424 1697 -—
447 1679 596 1705 Abschrift
618 1688 675 1705 von
696 1679 766 1705 Rev.
789 1680 825 1705 Η,
848 1680 887 1706 Μ.
910 1681 1075 1707 Bannister.

663 1805 721 1836 164.
766 1805 806 1835 De
829 1808 939 1836 sancta
962 1807 1088 1838 ssertha.

760 1866 808 1892 Ad
836 1867 989 1893 Laudes.

223 1945 254 1977 1.
281 1944 306 1976 Ο
333 1949 442 1975 sancta
467 1943 585 1975 Bertha
611 1943 732 1979 inclita,

280 1992 376 2031 Regis
402 1992 524 2022 aeterni
550 1991 626 2029 filia,

907 1946 938 1976 3.
966 1945 1011 1976 Te
1037 1945 1132 1977 hodie
1158 1948 1325 1986 spiritibus

967 1993 1111 2025 Christus
1138 1995 1239 2026 iunxit
1266 1998 1469 2039 caelestibus,

969 2041 1032 2072 Pro
1054 2043 1171 2074 nostris
1196 2044 1258 2075 iam
1285 2046 1444 2078 erratibus

968 2089 1067 2120 Deum
1095 2099 1150 2122 ora
1176 2094 1373 2131 quantocius.

282 2040 470 2071 Precatibus
496 2039 633 2070 assiduis

281 2087 421 2119 Salutem
449 2086 531 2118 ferto
555 2087 689 2127 miseris,

220 2174 239 2205 ΙὉ

246 2198 252 2204 .
278 2173 396 2204 Tecum
422 2176 455 2204 ut
481 2173 523 2204 ad
553 2173 703 2204 caelestia

281 2221 507 2253 Perveniamus
533 2221 659 2262 gaudia,

280 2269 366 2307 Quae
392 2269 525 2301 mereris
551 2269 751 2302 sanctissima

281 2316 355 2348 Sine
382 2317 444 2348 fine
470 2317 639 2349 manentia.

906 2176 938 2207 4.
966 2173 1013 2206 Sit
1039 2175 1108 2217 tibi,
1137 2176 1273 2219 Christe,
1300 2179 1412 2219 gloria,

967 2223 1088 2263 Honor,
1115 2225 1350 2264 magnificentia

968 2270 1045 2302 Cum
1072 2277 1163 2312 patre
1189 2277 1221 2304 et
1244 2279 1356 2307 sancto
1382 2278 1499 2317 spiritu

967 2319 1028 2350 Per
1052 2319 1178 2352 infinita
1209 2324 1346 2357 saecula.

299 2401 418 2429 Collect.
447 2412 499 2430 ms.
528 2403 556 2430 S.
585 2403 746 2430 Columbae
774 2403 917 2431 Senonen.
942 2413 1017 2432 saec.
1048 2404 1091 2433 12.
1121 2406 1190 2434 Cod.
1216 2409 1352 2437 Vatican.
1382 2413 1453 2440 Rev.
1475 2413 1541 2443 755.

221 2449 299 2467 saec.
324 2439 366 2467 12.
388 2457 423 2461 —
447 2441 597 2469 Abschrift
617 2451 676 2469 von
699 2442 770 2469 Rev.
792 2443 831 2469 H.
853 2443 894 2470 M.
916 2444 1084 2471 Bannister.
1426 2436 1442 2449 η
