1653 2656
679 132 940 168 —133—

570 261 640 294 225.
681 263 724 295 De
746 267 854 296 sancto
874 265 1038 299 Eunut'rio.

697 334 721 362 A
730 334 749 362 d
768 335 794 362 L
803 343 820 362 a
828 345 847 363 u
855 336 873 363 d
881 346 896 364 e
906 346 928 365 s.

140 413 171 447 1.
198 410 439 448 Heremitarum
466 420 642 459 speculum,

199 461 394 495 Eunufrium
420 465 453 497 in
480 475 609 500 nemore

201 510 400 543 Praesidium
426 515 606 554 angelicum

197 557 336 590 Tutatur
361 561 448 592 omni
474 567 628 604 tempore.

831 426 863 457 4.
893 421 1000 458 Latex
1027 435 1043 457 e
1071 426 1158 460 fonte
1183 430 1295 468 pervio

893 474 1046 507 Arentem
1075 476 1129 507 siti
1155 476 1269 517 reficit,

893 521 965 553 Non
994 524 1104 555 temeti
1130 526 1276 566 contagio

891 568 1016 609 Cupido
1043 578 1186 604 sanetum
1214 573 1325 607 inficit.

135 644 167 677 2.
197 641 310 685 Inopia
335 647 550 686 praedivitem

196 693 286 725 Dono
314 694 442 727 divinae
468 698 591 737 gratiae

193 741 315 773 Reddit
340 747 371 773 et
398 744 455 775 leti
481 747 666 786 praesidem

191 790 313 821 Sternit
340 799 410 822 cum
439 794 546 825 sordis
572 796 652 830 acie.

826 657 857 687 5.
887 652 994 688 Mellis
1021 662 1053 688 ut
1081 659 1112 689 in
1141 659 1310 692 dulcedine

886 703 1070 744 Depellitur
1096 708 1226 747 esuries,

886 752 1066 785 Herbarum
1094 755 1173 786 vivit
1199 757 1340 796 germine

884 800 1001 832 Lustro
1028 808 1159 841 peracto
1186 806 1301 837 sexies.

134 877 166 909 3.
193 873 297 909 Karni
324 878 445 910 virtute
471 881 585 913 sedula
827 887 859 918 6.

189 924 320 957 Deserti
347 927 452 959 cultor
477 928 587 961 obviat

189 973 295 1006 Parva
321 980 499 1008 monstrata
526 978 653 1019 cellula,

186 1021 224 1052 In
252 1031 315 1062 qua
340 1022 411 1055 Deo
437 1024 610 1058 deserviat.

887 883 999 919 Nudus
1026 890 1143 928 capillo
1170 893 1298 931 tegitur,

885 935 1013 974 Taeter,
1040 937 1189 977 iucultus‚
1219 939 1377 972 horridus.

886 983 950 1015 Sed
975 984 1091 1023 spiritu
1119 985 1304 1018 decernitur

884 1031 1033 1067 Pulcher,
1062 1034 1167 1065 clarus
1194 1038 1227 1066 et
1252 1036 1452 1074 splendidus,

512 1112 543 1145 7.
570 1111 714 1144 Gloriam
742 1114 846 1146 laudis
873 1116 994 1149 inclito.

200 1195 307 1222 Pontis.
330 1204 386 1224 ms,
408 1196 611 1224 Paulanorum
633 1207 709 1226 saec.
741 1198 784 1227 15.
810 1201 879 1228 Cod.
904 1202 1038 1230 Vatican.
1061 1204 1199 1233 Ottobon.
1226 1204 1291 1234 502.
1315 1222 1351 1226 —
1373 1206 1404 1240 3,
1436 1208 1449 1235 1

123 1232 213 1261 Kaio.
238 1248 272 1252 -
293 1232 321 1267 3,
344 1233 361 1261 2
383 1236 473 1263 oviat.
496 1251 533 1255 -—
554 1235 580 1269 5,
602 1236 620 1264 3
641 1239 809 1266 Herbarum
831 1241 897 1267 viri.

546 1369 612 1399 226.
655 1369 697 1401 De
719 1375 828 1402 sancto
850 1371 1015 1405 Eunufrio.

625 1440 665 1466 In
692 1438 718 1467 2.
746 1441 938 1478 Vesperis.

120 1524 151 1557 1.
178 1521 204 1558 0
232 1524 331 1558 decus
361 1526 602 1569 sanctimoniae,
814 1533 845 1563 5.
875 1529 1065 1565 Sanctorum
1091 1534 1177 1566 inter
1203 1536 1330 1576 agmina

178 1573 234 1605 Bis
261 1577 352 1606 terno
378 1574 481 1606 lustro
506 1577 661 1619 pasceris,

174 1622 270 1654 Panis
297 1622 405 1654 emissi
432 1621 590 1664 fragmine

175 1669 297 1703 Datore
325 1671 407 1711 grati
436 1672 587 1705 muneris.

113 1757 145 1790 2.
175 1754 244 1790 Per
271 1759 357 1790 diem
384 1764 506 1791 certum
534 1761 671 1793 sumitur
808 1765 840 1797 6.

175 1806 322 1838 Christus
348 1809 638 1850 sacramentaliter,

172 1855 257 1887 Miro
282 1856 379 1888 modo
406 1857 463 1889 sed
491 1858 607 1890 colitur

173 1907 200 1934 A
227 1910 338 1937 sancto
366 1905 436 1938 viro
459 1906 587 1946 iugiter.

109 1990 140 2023 3.
171 1990 307 2030 Quando
334 1992 458 2034 collega
485 1994 638 2033 cernitur,
808 1998 839 2029 7.

170 2040 267 2072 Panis
295 2040 443 2073 defertur
469 2042 605 2084 integer,

169 2089 259 2122 Caeli
286 2089 434 2122 ministro
461 2092 598 2124 sumitur

171 2137 227 2170 Pia
252 2147 323 2170 cum
350 2138 447 2171 laude
473 2140 607 2180 pariter.

103 2225 137 2259 4.
166 2221 322 2258 Reddens
349 2225 477 2258 beatum
504 2227 654 2267 spiritum
803 2229 835 2262 8.

167 2273 319 2314 Fulgenti
347 2275 438 2306 vultu
464 2276 608 2307 cernitur

165 2322 280 2361 Orans,
307 2323 350 2354 ad
377 2323 446 2355 eius
471 2323 594 2356 obitum

162 2370 268 2403 Mirus
294 2371 377 2404 odor
403 2372 558 2404 exoritur.

874 1580 1004 1613 Christo
1033 1582 1114 1614 duce
1141 1592 1211 1615 cuni
1238 1584 1388 1618 laudibus

872 1628 967 1660 Velut
993 1630 1141 1663 columba
1168 1633 1308 1665 candida

868 1677 1078 1710 Transfertur
1105 1681 1185 1712 caeli
1212 1682 1345 1715 civibus.

870 1761 917 1797 Te
944 1767 1134 1798 tumulatum
1161 1769 1306 1801 novimus

870 1813 979 1845 Leone
1006 1824 1066 1856 per
1092 1816 1360 1858 Pamphnutium3

867 1861 1041 1904 Christum,
1070 1867 1102 1896 te
1128 1875 1225 1905 prece
1251 1868 1401 1911 petimus,

866 1910 916 1943 Da
942 1912 1082 1944 iudicem
1108 1915 1285 1954 propitium

867 1995 1050 2031 Venturum
1078 2004 1110 2031 et
1136 2001 1177 2032 tis
1203 2011 1359 2034 memores

865 2046 918 2078 Ab
945 2048 1031 2079 omni
1059 2049 1142 2080 malo
1170 2049 1288 2082 liberes

865 2095 909 2128 Et
936 2105 1111 2136 praepares
1138 2098 1170 2129 in
1198 2099 1305 2138 patria

865 2143 967 2176 Beata
992 2145 1084 2178 nobis
1110 2147 1236 2186 gaudia.

863 2226 984 2263 Xristo
1008 2236 1084 2262 nato
1111 2232 1153 2263 sit
1178 2233 1290 2276 gloria,

862 2278 991 2310 Summo
1016 2280 1103 2319 patri
1129 2290 1199 2312 cum
1226 2280 1355 2314 flamine

861 2327 994 2370 Sancto,
1019 2328 1176 2369 nobisque
1205 2330 1297 2363 venia

863 2374 964 2407 Detur
990 2376 1022 2407 in
1048 2377 1097 2408 sui
1124 2378 1260 2412 nomine.

179 2457 286 2484 Pontif.
308 2465 363 2484 ms.
383 2457 587 2485 Paulanorum
608 2467 685 2487 saec.
710 2458 754 2488 15.
776 2460 847 2488 Cod.
872 2461 1006 2490 Vatican.
1028 2462 1129 2490 Ottob.
1151 2462 1216 2493 502.
