1653 2656
665 127 706 134 —
761 105 926 141 103-

539 250 599 282 172.
630 249 673 280 De
695 248 805 279 sancto
827 245 1059 277 Bonaventura.

643 319 693 346 Ad
723 319 965 346 Nocturnum.

139 415 170 448 1.
197 410 312 445 Lauda
337 411 453 450 Deum,
479 407 573 449 plebs
598 406 718 445 fidelis,
833 406 865 438 3.
893 402 927 435 Si
953 401 1024 442 quis
1051 399 1161 431 mundi
1189 398 1350 430 cruciatus

244 461 324 494 Cum
350 458 441 491 suavi
468 456 621 496 carmine,
942 450 1076 482 Evitare
1102 447 1229 487 satagit,

199 509 279 543 Cum
304 515 367 549 quo
393 509 507 547 regnat
531 502 708 536 cardinalis
894 499 989 531 Hunc
1015 498 1144 529 beatum
1172 495 1363 535 deprecatus

245 557 295 590 De
320 554 479 588 minorum
505 553 630 591 ordine,
944 548 1022 580 Mox
1049 549 1162 586 optata
1188 542 1305 582 recipit

201 606 259 639 Vir
285 604 447 637 excellens
474 606 507 634 et
532 601 662 633 subtilis
896 596 941 628 Et
966 605 985 627 a
1011 594 1094 626 malo
1121 593 1278 624 liberatus

246 655 284 686 In
311 662 404 685 sacro
430 648 616 684 dictamine.
946 644 1053 676 Vitam
1080 641 1219 682 quietam
1247 637 1382 681 peragit.

146 754 178 787 2.
204 751 335 784 Timens
352 749 469 787 Deum,
493 746 641 786 simplex,
661 748 779 786 rectuS,
842 744 874 775 4.
899 741 1004 781 Quare
1030 746 1139 770 omnes
1165 735 1310 768 inclinati

252 798 304 832 Ab
330 797 412 838 ipsis
438 795 606 828 cunabulis
950 787 1162 820 Effundamus
1188 783 1351 823 supplices

206 850 314 888 Atque
339 846 409 878 Deo
436 847 640 876 consecratus
903 838 986 869 Vota
1013 836 1106 867 divae
1133 832 1303 864 maiestati.

252 895 371 928 Adhuc
395 892 550 925 membris
576 888 732 933 parvulis,
952 884 998 917 Ut
1023 886 1097 923 post
1123 881 1204 913 caeli
1230 880 1374 911 turbines

205 944 258 978 Ab
284 947 418 976 aeterno
446 941 620 981 deputatus
906 933 983 966 Cum
1010 932 1071 962 hoc
1097 933 1208 961 sancto
1236 928 1380 959 coronati

255 992 346 1025 Caeli
372 989 601 1022 tabernaculis.
954 980 1007 1013 Illi
1035 979 1132 1010 simus
1161 977 1302 1008 comites.

222 1088 357 1116 Officium
387 1095 410 1112 s.
442 1082 544 1112 Crucis
573 1086 602 1110 et
629 1081 834 1108 amarissimae
862 1076 1010 1113 passionis
1038 1074 1074 1101 D.
1106 1073 1141 1100 N.
1170 1073 1238 1099 Iesu
1267 1071 1375 1097 Christi
1411 1071 1479 1104 imp.

147 1127 310 1156 Mediolani
332 1123 415 1152 1492.

553 1224 611 1256 173.
648 1223 687 1253 De
710 1222 819 1252 sam-to
841 1220 1074 1251 Bonavcntura.

696 1293 747 1320 Ad
775 1290 935 1319 Laudes.

151 1391 181 1423 1.
209 1387 333 1426 Gaude,
362 1385 475 1426 frater,
503 1383 557 1424 qui
583 1383 741 1414 minorum
849 1380 880 1411 3.
908 1375 1093 1411 Cardinalis
1119 1374 1181 1405 iste
1209 1370 1268 1403 fuit

259 1437 411 1469 Sanctam
439 1442 550 1465 servas
576 1431 734 1471 regulam,
958 1425 1081 1457 Tantae
1107 1420 1297 1461 sapientiae.

212 1486 327 1518 Comes
353 1482 412 1514 tibi
438 1491 511 1514 nam
544 1480 691 1512 laborum
909 1475 946 1506 In
973 1482 1035 1513 quo
1061 1471 1148 1503 Deus
1175 1467 1335 1500 habitavit

261 1534 324 1565 Per
350 1532 433 1564 hanc
459 1538 588 1570 gressus
615 1526 772 1563 semitam,
957 1522 1050 1554 Dono
1077 1527 1153 1551 suae
1179 1516 1315 1558 gratiae7

217 1581 317 1614 Primi
345 1583 434 1612 tenet
459 1577 645 1618 angelorum
910 1570 1002 1611 Quod
1032 1567 1198 1608 aequalem
1224 1574 1286 1596 non
1313 1562 1437 1596 invenit

261 1630 415 1670 Magnam
442 1627 557 1659 cohors
583 1624 729 1665 gloriam.
960 1618 1040 1650 Eius
1067 1613 1307 1648 sanctimoniae.

153 1731 186 1762 2.
213 1726 409 1768 seraphicus
437 1725 552 1757 doctor
578 1731 684 1760 verus,
852 1721 885 1752 4.
914 1717 975 1749 Hic
1003 1715 1052 1746 vir
1078 1712 1221 1754 prudens
1248 1713 1278 1741 et
1305 1708 1453 1749 pudicus.

263 1776 382 1809 Sancto
413 1774 527 1814 plenus
554 1770 694 1810 flamine,
961 1765 1188 1797 Bonaventura
1213 1758 1351 1795 nomine,

218 1824 429 1858 Praedicator
455 1826 487 1854 et
513 1820 704 1862 praeclarus
913 1814 1013 1846 Totus
1040 1811 1142 1843 bonus
1170 1815 1201 1841 et
1229 1808 1373 1839 sincerus

265 1873 386 1914 Sparso
413 1871 503 1903 verbi
530 1869 651 1901 semine
962 1863 1001 1895 In
1027 1864 1212 1892 sanctorum
1240 1856 1377 1896 agmine.

215 1923 371 1956 Fructum
397 1920 490 1952 metit
515 1919 578 1950 iam
605 1924 737 1949 securus
913 1911 1009 1943 Caelo
1038 1908 1155 1950 gaudet
1184 1906 1252 1937 Deo
1279 1913 1371 1935 carus

264 1971 314 2003 De
341 1969 475 2010 perenni
502 1967 654 2008 germine.
963 1959 1050 1991 Miro
1078 1956 1203 1996 fulgens
1230 1952 1361 1984 lumine.

545 2066 576 2097 ὓ.
604 2062 653 2094 De
680 2069 742 2100 quo
770 2059 868 2091 decus
895 2059 926 2088 et
953 2054 1056 2095 gloria

654 2109 744 2141 Patri
769 2107 811 2139 sit
838 2110 869 2137 et
896 2104 963 2136 filio

602 2160 710 2198 Atque
735 2156 832 2197 pleno
858 2151 1030 2185 clementia

654 2207 740 2238 Laus
766 2204 869 2236 amori
896 2200 1014 2239 medio,

604 2255 708 2288 Nobis
734 2260 860 2294 quoque
886 2250 929 2281 sit
955 2247 1060 2289 gratia

655 2304 735 2336 Eius
762 2298 954 2342 patrocinio.

237 2408 376 2437 Officium
403 2415 426 2433 s.
455 2402 560 2432 Crucis
591 2405 619 2429 et
651 2399 858 2428 amarissimae
885 2394 1036 2431 passionis
1063 2392 1099 2418 D.
1128 2390 1165 2417 N.
1192 2389 1260 2416 Iesu
1288 2386 1398 2414 Christi
1427 2387 1496 2421 imp.

160 2448 325 2477 Mediolani
344 2448 408 2482 (per
423 2443 586 2472 Antonium
601 2441 740 2468 Zarotum
756 2435 958 2466 Parmensem)
975 2429 1057 2460 1492.
1074 2446 1106 2450 —-
1128 2428 1152 2458 1.
1167 2428 1184 2456 5
1210 2427 1325 2455 scheint
1348 2425 1496 2452 verder-bt.
