1653 2656
695 159 957 195 —274—

431 266 462 297 6.
489 262 628 296 Excelso
654 260 719 300 regi
745 258 832 299 patri
857 255 1028 296 genitoque

493 313 541 344 Ac
567 308 707 342 radianti
733 305 861 346 spiritui
887 306 999 335 sancto

494 359 605 391 Gloria
631 364 770 396 consors,
799 354 877 393 laus,
906 351 1008 382 virtus
1033 355 1168 388 quoque,

569 406 680 437 Honor
705 404 746 434 sit
772 409 899 442 perpes.

251 527 408 554 Collectan.
440 533 492 549 ms.
517 520 601 548 Card.
630 519 664 546 de
687 520 717 545 S.
740 516 882 544 Severina
904 515 973 541 anni
997 509 1079 538 1529.
1100 509 1170 538 Cod.
1192 507 1281 535 Arch.
1302 492 1450 533 Vaticani·
1464 505 1492 532 X

175 567 220 595 89.
250 581 284 585 -
315 565 336 595 1,
364 562 381 590 2
410 563 537 589 humum.
565 573 601 577 —
627 556 654 589 3,
681 556 699 584 3
720 555 816 583 induit
837 562 912 581 eum.
934 566 970 571 -—
990 552 1025 578 In
1047 549 1111 576 dem
1134 547 1334 582 zugehorigen
1355 544 1492 572 Officium

177 605 309 633 befinden
331 603 391 629 sich
414 600 544 627 einzelne
566 596 763 633 rhythmische
785 592 876 622 Teile,
899 600 931 618 so
952 590 1000 616 die
1022 589 1071 615 AA
1095 585 1171 614 2-4
1191 586 1243 612 der
1266 584 1290 611 l.
1312 583 1434 618 Vesper.

527 803 594 834 459.
637 802 679 832 De
700 809 740 830 ss.
762 796 888 829 Placido
911 797 943 826 et
963 793 1138 834 Sigeberto.

412 916 443 946 1.
470 914 552 950 lesu,
578 921 641 951 pax
667 913 776 940 nostra
802 911 832 937 et
858 914 932 945 spes
958 902 1068 934 mundi
1094 901 1198 932 unica.

471 961 518 992 Tu
544 958 683 998 speciale
710 957 806 987 decus
833 954 890 984 das
917 951 1070 983 ecclesiae

472 1008 578 1040 Sacris
605 1010 785 1037 sanctorum
814 1000 957 1040 reliquiis
984 1004 1119 1033 tuorum,

471 1058 555 1096 Quos
581 1054 669 1085 caelo
695 1056 801 1082 vectos
826 1049 885 1080 tibi
912 1047 991 1079 facis
1018 1050 1181 1086 patronos.

415 1170 445 1200 2.
473 1165 567 1199 Unde
588 1172 671 1195 nunc
697 1162 847 1202 hymnum
874 1157 1080 1200 symphoniae
1108 1154 1250 1185 debitum

477 1212 633 1252 Martyris
659 1210 761 1241 sancti
786 1209 818 1238 in
845 1207 964 1238 honore
990 1203 1115 1237 Placidi

478 1262 519 1293 Et
547 1258 737 1291 confessoris
763 1255 921 1295 Sigeberti
949 1252 1106 1291 comparis

477 1308 598 1341 Psallat
625 1307 739 1337 devota
765 1304 833 1342 tibi,
863 1311 928 1339 rex,
956 1299 1129 1332 catervula.

421 1421 452 1452 3.
479 1419 557 1457 Iam,
586 1420 707 1455 martyr
734 1413 865 1449 Christi,
894 1411 1105 1450 deprecamur
1131 1406 1240 1438 cernui

480 1466 557 1497 Eius
584 1464 624 1494 ad
652 1463 798 1493 thronum
825 1463 965 1491 nostrum
993 1456 1042 1488 fer
1067 1455 1266 1494 obsequium,

481 1513 524 1545 Ut
551 1515 750 1552 peccatorum
777 1516 954 1539 mereamur
980 1509 1160 1536 nostrorum

483 1560 604 1592 vinclis
630 1557 753 1590 absolvi
779 1560 809 1587 et
835 1555 939 1595 quiete
966 1552 1098 1593 perfrui.

428 1674 461 1704 4.
489 1669 659 1702 Confessor
684 1671 803 1706 sancte,
830 1670 904 1696 vota
929 1668 1039 1695 nostra
1063 1663 1189 1701 suscipe

484 1719 525 1750 Et
553 1718 611 1749 Dei
638 1715 738 1747 nostri
764 1715 795 1745 in
822 1716 993 1752 conspectu
1018 1710 1163 1745 subveni,

485 1769 551 1804 Quo
577 1765 665 1804 pacis
692 1764 773 1794 dono
799 1761 957 1801 potiamur
982 1759 1094 1790 sedulo

486 1814 527 1845 Et
555 1813 738 1844 assistamus
764 1809 946 1849 angelorum
972 1807 1133 1840 laudibus.

432 1929 463 1959 5.
490 1924 640 1957 Athletae
667 1922 742 1958 bini,
771 1926 916 1952 cunctum
943 1920 1060 1950 clerum
1088 1918 1170 1949 tueri

488 1973 603 2005 Velitis
628 1979 751 2003 omnem
778 1974 808 2000 et
834 1967 1110 2006 christianitatem,

487 2022 563 2054 Post
589 2020 673 2051 vitae
698 2022 813 2049 metam
839 2017 870 2047 in
898 2015 962 2047 fide
987 2014 1163 2046 stabilitam

488 2069 618 2102 Cunctis
644 2067 737 2098 beate
762 2063 964 2104 impetrando
991 2063 1110 2094 vivere.

433 2182 464 2214 6.
492 2180 590 2211 Trina
615 2178 765 2209 maiestas
790 2179 884 2214 atque
911 2173 1047 2215 simplex
1073 2173 1189 2211 unitas,

491 2227 637 2261 Concede
663 2225 726 2256 tuis
753 2224 922 2264 dignanter
947 2222 1007 2253 hoc
1032 2220 1170 2259 famulis,

491 2275 548 2308 Cui
574 2275 613 2306 sit
639 2274 672 2305 in
699 2272 786 2304 caelo
812 2271 987 2311 gratiarum
1012 2269 1107 2310 actio,

491 2324 614 2360 Honor,
640 2322 721 2361 laus,
748 2321 833 2352 doxa
857 2328 916 2359 per
941 2322 1069 2349 aeterna
1097 2317 1234 2351 saecula.

276 2444 359 2471 Brev.
381 2450 433 2467 ms.
451 2440 590 2467 (ariense
610 2445 686 2464 saec.
710 2434 752 2463 15.
775 2434 846 2462 cod.
861 2433 973 2462 Scotor.
987 2433 1193 2460 Vindobonen.
1215 2431 1262 2459 54.
1283 2430 1312 2458 h.
1328 2429 1372 2458 15.
1398 2447 1434 2451 —
1456 2430 1483 2465 5,
1503 2429 1518 2458 l

200 2488 290 2512 tuere.
311 2496 347 2500 —
369 2479 394 2511 5,
417 2478 435 2506 ⁴2
457 2480 536 2505 vitae
563 2480 696 2504 mentam.
