1653 2656
751 133 986 168 „90-

211 229 244 261 3.
269 227 351 260 Nam
379 229 577 261 occidentem
602 230 702 262 radiis
895 233 927 264 4.
955 231 1082 269 Veram,
1111 234 1320 272 constantem,
1347 234 1484 267 solidam

269 277 408 316 implere
434 278 555 309 caelum
582 278 705 318 incipit,
954 278 1123 318 Vitamque
1148 279 1215 311 eius
1241 280 1396 323 inclitam,

269 323 346 356 Cum
373 325 481 356 multis
507 330 628 357 vectam
655 326 770 358 studiis
953 326 1114 368 securam,
1141 326 1275 368 firmam,
1300 329 1449 373 lucidam,

267 372 416 404 Sanctam
445 373 621 405 Barbarum
650 374 775 416 recipit,
954 374 1080 406 Divinis
1107 375 1213 406 verbis
1238 376 1377 411 insitam.

586 473 615 502 5.
648 470 694 501 Sit
721 470 789 501 laus
815 470 900 509 patri
927 479 964 501 ac
990 471 1096 510 genito

646 517 834 557 Pariterque
859 527 897 549 ac
923 516 1053 558 flamini,

640 566 699 605 Qui
727 565 818 596 liuius
844 569 974 597 sanctae
1000 566 1113 598 merito

642 613 707 644 Nos
734 613 842 653 iungat
865 623 986 645 summo
1012 614 1141 654 agmini.

280 707 363 732 Brev.
385 707 594 734 Lemovicense
616 709 685 741 imp.
712 708 878 735 Lemovicis
901 707 982 739 L495.
998 710 1032 736 A.
1054 724 1091 728 —
1115 710 1200 737 Brev.
1219 711 1432 740 Eliredunense
1453 715 1522 749 imp.

204 744 341 779 Lugduni
367 743 446 771 1520.
469 746 500 772 Β.
523 761 557 765 -
580 744 606 776 3,
627 744 645 773 3
665 749 780 773 vectum
802 747 861 773 AB.
883 762 920 765 —
941 746 966 779 4,
991 746 1004 774 1
1028 751 1168 775 constans
1189 750 1223 776 A.

614 934 676 965 149.
720 935 761 965 De
783 937 893 966 sancta
916 936 1070 968 Barbara.

714 1005 754 1030 In
785 1005 985 1032 Laudibus.

485 1091 512 1122 l.
540 1090 715 1122 Barbararn
743 1092 803 1122 diri
831 1092 996 1124 celebrant
1021 1104 1149 1133 agones,

537 1138 662 1178 Quippe
689 1143 841 1178 tyrannos
868 1141 944 1171 vicit
971 1142 1178 1182 truculentos,

537 1185 767 1217 Maximianum
793 1188 886 1218 simul
913 1188 1122 1227 Marcianum,

631 1233 707 1264 Eius
733 1233 940 1273 praefectum.

478 1330 508 1361 'KQ

536 1328 628 1359 Hanc
654 1330 739 1359 saevi
767 1333 914 1369 torquent
939 1330 1070 1362 iacturis
1098 1342 1283 1374 poenarum,

536 1375 579 1407 Ut
607 1375 731 1415 fatigati
758 1377 887 1408 lictores
915 1379 1101 1420 reddantur,

534 1423 586 1453 Nil
614 1423 704 1454 timet
730 1428 835 1455 truces
863 1424 1048 1466 ferocesque
1075 1429 1176 1460 minas

629 1471 724 1502 Ridet
752 1481 869 1505 eorum.

471 1567 501 1598 3.
531 1565 631 1597 Turre
658 1567 781 1598 reclusa
806 1568 981 1600 architecta
1006 1571 1119 1602 sollers

529 1613 634 1645 Unum
661 1615 795 1646 rimatur
821 1620 1043 1656 auctoremque
1070 1619 1200 1657 trinum,

527 1661 609 1692 Dum
636 1666 701 1693 tres
727 1663 860 1702 adaptat
885 1664 993 1695 lumini
1021 1664 1197 1706 fenestras,

625 1708 722 1741 Patre
750 1719 889 1749 reverso,

471 1807 502 1837 4.
531 1805 589 1836 Ille
616 1806 749 1836 miratur
774 1805 914 1837 artifices
941 1816 1084 1850 causans⁷

528 1853 625 1891 Quem
653 1854 698 1884 sic
723 1852 853 1885 adfatur
879 1855 1024 1887 Barbara
1053 1864 1303 1896 praeconstans:

531 1901 589 1931 His
613 1910 707 1932 unum
736 1902 851 1940 lumen,
879 1903 1012 1943 genitor,
1041 1914 1099 1944 par
1125 1905 1193 1938 fore

623 1949 759 1980 Numine
787 1950 908 1992 divum,

468 2046 499 2075 5.
525 2043 632 2075 Trinis
658 2044 799 2075 innatum
825 2047 971 2084 personis
999 2047 1116 2079 divinis

530 2091 683 2131 Quodque
710 2093 894 2124 credentum
921 2094 1061 2127 vivificat
1085 2097 1168 2129 alme

532 2139 658 2170 Mentes
684 2140 849 2172 illustrans
875 2150 985 2173 sensus
1012 2147 1044 2174 et
1069 2144 1221 2178 obscuros

623 2187 858 2229 Illuminatque.

467 2285 502 2318 6,
530 2284 555 2316 Ο
582 2283 659 2316 felix
686 2285 775 2325 virgo
801 2285 1007 2327 Barbaraque
1033 2294 1165 2332 martyr,

530 2332 662 2372 Spernis
688 2333 824 2365 electum
851 2335 1014 2375 coniugem
1042 2339 1203 2371 carnalem

523 2381 591 2412 Nec
616 2390 713 2420 genus
740 2380 831 2414 ferox
858 2385 1004 2423 pavescis
1030 2394 1204 2425 poenarum

616 2429 672 2460 Bis
699 2435 860 2463 coronata.
