1653 2656
661 170 921 204 —234-

163 299 170 305 .
197 271 286 302 Haec
310 269 420 301 muudi
445 277 527 300 vana
551 270 673 308 respuit
821 268 853 300 6.
879 266 994 298 Totam
1018 273 1053 297 se
1078 263 1148 296 Deo
1173 267 1315 303 voverat,

195 319 235 350 Et
265 318 391 356 delicta,
418 325 499 356 quae
524 316 630 358 coluit,
882 318 998 346 Aestus
1024 313 1173 353 sitimque
1196 315 1375 352 spreverat,

195 367 275 398 Dum
298 369 480 405 Aegyptum
507 365 648 396 deseruit
878 361 997 394 Herbis
1023 360 1139 393 famem
1165 360 1370 400 compescuit,

195 416 331 454 Sionque
357 417 499 444 sanctam
525 412 615 446 adiit.
878 411 987 442 Arena
1019 409 1146 440 thorum
1171 408 1331 449 praebuit.

159 551 166 557 .
194 523 242 555 Ibi
270 521 389 554 deflens
414 521 590 559 innumera,
824 522 854 555 7.
883 520 936 553 Sic
958 520 1074 552 devota
1099 518 1290 551 caelestibus

196 572 281 610 Quae
306 575 522 610 perpetrarat,
551 569 672 601 scelera
882 567 947 600 Sub
974 567 1118 600 Sozimae
1144 567 1369 607 conspectibus

194 619 338 651 Iordanis
365 618 466 650 undas
494 618 598 657 petiit,
880 616 983 648 Orans
1009 624 1118 655 pacem
1146 615 1300 647 ecclesiae

193 667 361 698 Desertum
389 675 450 696 non
477 665 654 698 abborruit.
881 663 1080 695 Elevabatur
1104 672 1189 696 aere.

136 779 165 809 '.
192 777 267 815 Quis
294 785 442 807 resonare
470 775 609 811 vocibus,
819 776 849 807 8.
877 774 948 806 Tali
974 774 1102 813 signans
1128 772 1248 804 indicio

191 825 266 863 Quis
292 824 395 855 valeat
421 823 614 855 carminibus
877 821 918 854 Se
945 822 1073 861 diguam
1100 821 1161 852 Dei
1187 821 1280 859 solio,

193 872 340 903 Assultus
367 871 496 903 crebros
523 872 709 902 daemonum
878 871 974 903 Cuius
1001 869 1098 900 corde
1123 873 1154 900 et
1180 869 1285 900 animo

192 920 329 951 Mariam
353 918 583 951 infestantium.
878 917 1052 958 Flagrabat
1079 917 1251 949 desiderio.

208 1028 293 1054 Brev.
315 1029 523 1054 Lemovicense
548 1028 615 1062 imp.
638 1027 805 1054 Lemovicis
829 1026 910 1053 1435.

512 1252 580 1282 390.
622 1252 664 1282 De
687 1260 711 1282 s.
732 1251 832 1282 Maria
853 1252 1059 1291 Aegyptiam.

641 1336 680 1362 In
704 1333 730 1361 ·2.
759 1336 946 1370 Vesperis.

158 1456 164 1463 .
189 1431 338 1463 Gaudens
365 1433 465 1462 omnis
492 1431 632 1463 fidelium
821 1436 851 1465 5.
879 1433 1090 1463 Intemeratae
1117 1432 1248 1472 virginis

195 1480 381 1511 Pronuntiet
407 1479 541 1510 ecclesia
877 1480 917 1511 Se
943 1486 1070 1511 vertens
1095 1480 1137 1512 ad
1163 1481 1330 1520 imaginem

194 1527 386 1559 peccatricis
412 1528 615 1566 praeconium
877 1528 986 1559 Scelus
1013 1527 1132 1559 fatetur
1158 1528 1311 1568 criminis,

192 1575 315 1606 Mariae
342 1583 411 1605 cum
438 1575 570 1606 laetitia.
877 1576 979 1607 Orans
1006 1576 1131 1608 beatam
1158 1577 1324 1616 virginem.

156 1710 162 1717 .
189 1685 370 1723 Aegyptum
396 1684 515 1715 habens
542 1685 678 1723 patriam
819 1687 849 1716 6.
877 1685 953 1716 Mox
980 1687 1136 1725 completo
1162 1687 1345 1726 precamine

190 1731 360 1762 Derelictis
387 1732 573 1771 parentibus
876 1733 1055 1764 Ecclesiam
1079 1734 1269 1774 ingreditur,

191 1779 341 1810 Pervenit
367 1779 597 1811 Alexandriam
763 1798 768 1804 ·
877 1781 989 1813 Fidem
1015 1781 1134 1813 habens
1158 1783 1190 1813 in
1218 1783 1340 1823 virgine

191 1826 343 1859 Obscenis
370 1836 487 1858 vacans
513 1827 647 1860 actibus.
879 1829 953 1860 Plus
979 1830 1141 1869 repulsam
1168 1839 1230 1862 non
1256 1832 1388 1870 patitur.

130 1938 161 1970 ἢ,
190 1936 359 1967 Festinans
385 1937 425 1968 ad
453 1937 651 1968 sollemnium
817 1939 847 1970 7.
873 1939 1079 1977 Quaesumus.
1106 1946 1217 1971 auctor
1242 1942 1394 1981 omnium,

191 1983 326 2016 Sanctae
352 1985 456 2016 crucis
482 1995 576 2024 quam
602 1994 740 2025 propere
880 1986 921 2018 L't
949 1987 1071 2018 Mariae
1097 1987 1246 2028 suffragio

189 2032 252 2063 Ter
275 2032 419 2064 intrandi
446 2033 647 2072 dispendium
874 2033 939 2064 Des
966 2044 1176 2074 supernorum
1197 2037 1313 2069 civium

189 2079 252 2111 Suo
277 2080 350 2112 tulit
376 2090 434 2120 pro
460 2081 592 2113 scelere.
877 2081 977 2113 Nobis
1005 2082 1068 2115 frui
1094 2085 1265 2119 consortio.

152 2215 160 2222 .
187 2190 313 2230 Templi
338 2191 453 2222 sedens
478 2191 511 2222 in
534 2191 617 2222 atrio
819 2198 849 2224 b.
877 2191 998 2226 Gloria,
1027 2193 1095 2232 tibi⁷
1121 2194 1270 2238 Domine,

185 2236 270 2277 Flet,
298 2239 392 2278 gemit
419 2239 461 2270 ad
487 2239 671 2270 memoriam
873 2241 932 2280 Qui
959 2242 1127 2273 surrexisti
1151 2253 1170 2274 a
1196 2245 1339 2278 mortuis.

186 2286 356 2318 Reducens
383 2295 453 2318 cum
479 2287 617 2326 suspirio
879 2289 956 2321 Cum
983 2294 1075 2330 patre
1102 2295 1132 2322 et
1158 2296 1269 2325 sancto
1294 2283 1412 2334 spiritu

189 2334 320 2366 Passam
347 2335 451 2366 carnis
478 2335 646 2368 luxuriam.
879 2336 914 2367 In
940 2338 1135 2378 sempiterna
1160 2341 1299 2374 saecula.

202 2445 286 2471 Brev.
307 2445 501 2472 Atrebatense
521 2446 591 2480 imp.
613 2446 746 2473 Atrebati
770 2443 851 2473 1595.
873 2460 908 2464 —
930 2446 971 2473 Zu
991 2447 1056 2474 dem
1078 2449 1214 2478 Officium
1232 2452 1317 2479 Anal.
1332 2453 1449 2487 XVffl,

123 2482 174 2510 Nr.
195 2481 240 2509 56.
