1653 2656
418 2037 471 2069 10.

421 2290 475 2322 11.

729 140 986 175 —192—

506 241 626 272 Iterum
650 244 745 271 sonet·
766 238 842 270 tuba
867 236 1097 278 praecursoris,

504 287 649 320 Revehat
675 287 806 318 verbum
833 287 1049 324 virtutemque
1076 283 1166 315 verbi

504 336 601 367 Terat
627 339 659 366 et
685 335 771 366 clara
797 343 859 365 vox
882 332 1048 365 clamantis
1074 340 1182 364 omnes

558 383 756 415 Threnorum
783 390 901 415 maneS.

506 498 652 529 Ceterum
680 498 782 528 laetus
808 497 912 528 avidis
940 496 1088 528 decantet

504 544 664 578 Gaudium
692 545 811 584 captis:
840 544 974 585 belliger
999 545 1136 575 invictus

503 593 645 625 Palmam
673 593 794 624 laturus
821 593 910 633 pacis
936 592 1184 632 appropinquat,

560 640 697 672 Foribus
722 641 822 672 adest.

504 756 627 794 Pangat
653 763 735 785 nunc
761 754 893 793 hymnos
919 753 1113 785 laetabunda
1138 753 1256 794 proles,

501 804 587 841 Quae
614 802 770 842 quondam
799 802 853 833 diu
878 801 1008 833 latitans
1034 802 1066 832 in
1092 807 1184 833 antro

502 851 598 882 Lucis
624 851 775 889 inexpers
802 849 908 889 elogos
934 848 1071 880 deflebat

559 898 687 930 Christo
713 898 847 937 potenti.

474 1037 480 1043 .
508 1013 556 1043 Tu
582 1020 717 1051 namque
743 1011 870 1043 fervens
897 1010 1035 1042 crucifer
1060 1011 1171 1042 salutis

505 1060 604 1091 Tutus
632 1064 661 1090 et
689 1059 823 1097 hermes,
851 1059 984 1098 belliger
1008 1059 1060 1098 qui
1087 1058 1246 1098 quondam

504 1107 622 1138 Factus
649 1115 681 1138 es
707 1107 787 1138 lucis
814 1107 957 1138 caritatis
983 1111 1013 1136 et
1041 1114 1092 1137 ve-

559 1153 681 1185 xillifer
706 1155 818 1193 impar.

467 1292 474 1299 .
501 1268 663 1299 Hactenus
690 1269 760 1305 iste,
788 1277 844 1299 ceu
871 1269 923 1307 qui
949 1268 1087 1307 praeivit.

502 1314 631 1347 Lucifer
656 1320 758 1346 ortum
786 1316 905 1347 micans
931 1320 961 1346 et
987 1324 1133 1346 occasum

503 1362 585 1394 Solis
611 1364 744 1401 aeterni⁷
772 1363 924 1403 hesperus
951 1368 1022 1403 post
1048 1363 1136 1394 illum

558 1410 671 1442 Sidera
697 1411 833 1444 scandit.

506 1524 530 1556 Ο
557 1525 648 1556 miles
675 1525 766 1565 alme,
794 1525 904 1556 sedulo
931 1530 1080 1566 paternas

501 1573 604 1603 Aures
632 1572 751 1603 inclina
774 1573 922 1612 precibus
950 1573 1082 1612 benigne

501 1619 663 1659 Supplicis
689 1621 734 1651 tui
760 1621 874 1651 mentis
901 1625 931 1652 et
954 1620 1100 1652 affectum

557 1667 703 1708 Respice,
731 1677 859 1707 quaeso.

502 1782 645 1823 Suscipe,
673 1786 774 1821 pater,
801 1783 981 1814 anhelantis
1008 1787 1081 1814 vota

503 1831 599 1862 Sacer
624 1830 754 1868 alumni,
781 1834 909 1861 strenue
935 1831 1135 1870 triumphans

500 1878 669 1917 Princeps,
695 1878 826 1916 athleta,
855 1878 982 1910 tramite
1008 1878 1152 1910 labentes

557 1925 670 1965 Dirige
697 1930 794 1958 recto.

501 2036 615 2067 Custos
642 2041 674 2068 et
700 2040 813 2078 rector,
842 2036 906 2067 dux
931 2040 963 2067 et
991 2037 1051 2075 via,
1083 2040 1195 2077 portus

501 2083 639 2115 Nostrae
665 2085 787 2126 salutis,
820 2084 969 2125 gaudium
996 2089 1027 2115 et
1052 2093 1151 2124 amor,

500 2131 668 2163 Vinculum
694 2132 794 2173 pacis,
821 2141 896 2172 spes
922 2137 953 2163 et
979 2133 1054 2174 vita,
1081 2133 1178 2171 salus,

557 2179 673 2212 Sancte
700 2180 867 2212 lohannes.

501 2291 627 2322 Memor
653 2290 789 2322 exsistas
815 2290 928 2322 laudes
953 2292 1007 2331 qui
1034 2296 1160 2324 tuorum

500 2338 686 2379 Supplicum
713 2338 772 2370 tibi
797 2339 913 2379 iugiter
940 2339 1132 2379 depromunt

502 2387 586 2419 Voce
611 2395 726 2418 sonora
753 2395 932 2427 cernuoque
958 2393 1093 2428 poscunt

557 2435 612 2473 Te,
639 2438 732 2475 pater
757 2435 820 2474 pie.
