1653 2656
732 147 778 152 -
829 128 897 164 295
950 148 993 152 --

200 220 232 253 5.
260 219 398 252 Tantum
424 231 500 263 ergo
526 233 584 256 nos
610 229 794 265 portentum
895 227 926 260 6.
955 226 1102 259 Genitori
1128 229 1297 268 genitoque

307 268 506 303 Veneremur
533 273 644 304 cernui
1003 275 1089 307 Laus
1116 281 1147 307 et
1171 276 1328 317 iubilatio,

257 316 301 348 Et
326 319 448 358 Aquini
476 321 712 361 documentum,
955 324 1146 356 Procedenti
1173 325 1212 356 ab
1239 330 1374 365 utroque

305 365 425 399 Nostro
453 368 566 408 dispar
591 371 709 409 sensui,
1004 371 1142 412 Compar
1167 372 1358 415 benedictio,

257 414 405 446 Praestet
427 420 558 448 nostrae
573 418 832 458 supplementum
955 420 1125 459 Aquinatis
1153 422 1282 460 scriptis
1308 431 1432 462 quoque

304 462 443 496 Virtutis
472 465 624 498 defectui.
1004 467 1067 499 Sua
1094 469 1135 500 sit
1160 469 1314 502 laudatio.

270 538 295 566 Il
318 540 456 574 Rosario,
478 542 620 569 Memorie
642 542 842 570 Domenicane
866 541 948 570 1901.
972 544 1021 570 Nr.
1052 542 1075 570 l.
1097 544 1167 579 Apr.
1190 554 1204 571 e
1227 544 1333 572 Codice
1355 546 1425 573 bibl.
1447 555 1525 573 com-

193 585 275 604 mun.
299 578 495 606 Bordeaux
515 581 567 608 Nr.
589 579 645 607 772>
666 593 703 602 =
724 581 808 608 Brev.
831 583 977 609 Dominio.

667 675 734 705 497.
777 675 818 706 De
841 678 949 707 sancto
972 677 1050 708 Tito.

197 743 228 774 1.
255 744 394 784 Legenti
421 745 494 777 Tito
523 746 671 786 dogmata
893 749 925 781 4.
953 749 1169 790 lerosolymae
1196 750 1302 781 studio

254 791 388 824 Homeri
416 798 512 833 atque
540 794 683 826 Socratis
952 798 1035 829 Prae
1061 808 1144 829 anno
1170 802 1219 829 est
1244 803 1373 829 sanctus
1400 798 1490 829 Titus

252 839 339 872 Data
367 846 415 872 est
441 842 630 881 admonitio,
950 846 1036 877 Ante
1059 855 1225 877 ascensum
1253 846 1378 877 Domini

253 888 346 928 Quod
374 900 435 921 non
464 891 600 930 prodest
623 892 702 923 haec
722 892 827 926 lectio.
951 894 995 925 Et
1021 898 1091 933 post
1119 894 1210 925 binos
1237 894 1452 934 quinquennio

191 957 222 988 2.
251 954 354 988 Facto
382 956 500 989 Cretae
527 958 661 989 consilio
890 962 920 993 5.
950 960 1014 990 Iam
1043 961 1139 991 misso
1167 961 1198 991 in
1226 961 1388 999 apostolos

253 1005 283 1036 A
311 1005 425 1044 primis
451 1006 574 1046 magnis
601 1006 725 1037 insulae
947 1007 1065 1039 Sancto
1093 1017 1168 1039 vero
1195 1009 1352 1047 paraclito

249 1053 353 1093 Titus,
380 1062 480 1093 nepos
506 1054 720 1093 proconsulis,
947 1056 1041 1087 quta
1069 1056 1257 1095 promissum
1286 1056 1414 1087 Domini

249 1101 394 1132 Mittitur
420 1101 660 1141 lerosolymam.
948 1103 1019 1145 Dei,
1049 1104 1169 1135 Christi
1197 1105 1353 1137 altissimi.

188 1169 221 1201 3.
250 1168 330 1200 Cum
357 1167 504 1199 Christus
531 1173 615 1199 esset
641 1169 672 1199 in
696 1169 826 1211 mundo,
889 1171 920 1202 6.
949 1170 1070 1208 Honor,
1099 1171 1196 1201 decus
1224 1175 1253 1201 et
1280 1172 1381 1212 gloria

247 1216 368 1248 Missus
396 1220 444 1247 est
470 1216 563 1247 Titus
589 1217 631 1248 ad
659 1226 740 1255 eum,
948 1218 994 1250 Sit
1022 1219 1107 1259 patri
1134 1224 1229 1258 atque
1256 1220 1332 1255 tilio,

247 1265 294 1298 Ut
322 1264 476 1304 disceret,
504 1274 584 1304 quae
612 1265 729 1296 viderit
946 1267 1041 1298 Almo
1068 1276 1192 1306 quoque
1219 1268 1349 1307 spiritui

248 1313 357 1353 Ipsum
393 1313 562 1344 docentem
589 1314 680 1346 alios
947 1316 1010 1347 Per
1036 1315 1161 1346 infinita
1188 1316 1327 1348 saecula.

260 1389 353 1416 Psalt.
377 1393 406 1416 et
428 1389 527 1424 hymn.
551 1398 602 1416 ms.
627 1390 809 1417 civitatense.
831 1398 906 1416 saec.
926 1388 967 1417 15.
984 1390 1054 1417 Cod.
1071 1392 1228 1418 Civitaten.
1245 1391 1383 1418 LXXIII.
1403 1406 1435 1410 -
1452 1391 1477 1418 5.
1500 1389 1517 1415 3

183 1428 271 1455 quta
292 1429 425 1455 missum.

662 1484 731 1514 498.
773 1484 815 1515 De
837 1486 947 1515 saneto
969 1484 1047 1515 Tito.

187 1556 217 1589 1.
246 1554 488 1596 Discipulorum
519 1564 651 1586 numero
886 1558 916 1588 5.
944 1557 1002 1595 Qui
1034 1557 1123 1587 iussu
1151 1556 1210 1588 Dei
1239 1556 1297 1587 filii

244 1603 430 1635 Adiunctus
457 1607 505 1635 est
532 1608 661 1635 sanctus
687 1604 789 1644 Titus,
944 1604 1044 1636 Simul
1073 1614 1141 1635 cum
1171 1605 1272 1636 Paulo
1301 1606 1458 1646 applicuit

248 1652 355 1692 Igneis
382 1652 501 1692 linguis
529 1652 657 1683 Domini
943 1653 1065 1684 Terrae
1092 1653 1176 1684 Iovis
1204 1658 1233 1684 et
1260 1655 1372 1685 insulis

244 1700 329 1739 Quos
356 1701 490 1740 spiritus
517 1701 711 1740 repleverat.
943 1702 1062 1732 Verum
1091 1702 1192 1733 Deum
1220 1703 1423 1734 annuntians.

182 1769 214 1802 2.
243 1767 354 1800 Effuso
381 1769 632 1809 protomartyris
882 1772 914 1802 6.
943 1769 1131 1809 Congaudet
1160 1770 1275 1802 Cretae
1303 1770 1441 1810 populus

242 1816 407 1857 Sanguine
434 1818 537 1849 sancti
566 1817 722 1858 Stephani
942 1818 1041 1850 Simul
1070 1822 1166 1858 atque
1192 1818 1342 1853 Rutilius,

241 1865 485 1906 Disperguntur
511 1866 649 1906 apostoli
940 1866 990 1898 De
1021 1867 1128 1898 reditu
1155 1867 1294 1906 apostoli

241 1914 382 1954 Propter
408 1915 555 1946 timorem
583 1916 737 1955 gentium.
943 1915 1125 1947 Sanxerunt
1155 1915 1271 1946 festum
1299 1915 1379 1947 tieri.

884 1984 900 2016 *Ἰ

179 1983 212 2016 3.
243 1982 409 2015 Converso
437 1986 548 2014 sancto
578 1983 677 2015 Paulo
942 1984 1033 2015 Iussu
1059 1984 1106 2014 tui
1134 1983 1272 2023 apostoli

239 2031 361 2064 Divina
387 2031 423 2063 fit
450 2032 592 2071 collatio,
941 2032 1109 2071 Templum
1137 2032 1261 2063 Dianae
1288 2032 1419 2064 corruit.

238 2082 362 2114 Iterum
391 2081 621 2121 lerosolymam
942 2081 1087 2120 Repente
1116 2079 1234 2111 factum
1264 2080 1368 2120 pulvis
1395 2086 1452 2119 cst,

237 2130 461 2162 Revertuntur
491 2130 642 2170 apostoli.
940 2130 985 2162 Ut
1012 2133 1142 2160 sanctus
1168 2129 1229 2160 iam
1259 2130 1478 2168 praedixerat.

177 2199 209 2232 4,
237 2197 292 2229 Fit
318 2206 412 2229 sacer
438 2197 530 2229 Titus
556 2196 705 2237 pontifex
879 2197 910 2231 8.
939 2196 1052 2229 Gloria
1079 2197 1164 2236 patri
1193 2197 1339 2237 Domino,

236 2246 281 2278 Et
307 2256 326 2277 a
353 2247 488 2277 summis
515 2246 671 2285 apostolis
939 2245 1023 2277 Nato
1050 2250 1147 2285 atque
1175 2246 1334 2284 paraclito

237 2296 493 2328 consecraturus
521 2294 669 2335 mittitur,
937 2294 982 2326 Et
1008 2303 1092 2325 nunc
1119 2298 1148 2324 et
1179 2294 1209 2324 in
1238 2298 1428 2333 perpetuum

236 2344 320 2382 Quos
348 2343 468 2376 Paulus
495 2339 766 2387 appro[ba]verit.
939 2343 987 2374 Sit
1014 2343 1153 2374 trinitati
1180 2343 1302 2374 unicae.

251 2419 344 2446 Psalt.
367 2422 396 2446 et
417 2419 518 2454 hymn.
541 2427 594 2446 ms.
616 2419 802 2447 Civitatense
823 2428 898 2447 saec.
924 2418 967 2447 15.
990 2419 1060 2446 Cod.
1085 2419 1204 2446 Civitat.
1227 2419 1366 2446 LXXIII.
1390 2434 1425 2438 —
1449 2422 1474 2451 ti,
1497 2418 1515 2447 2

172 2462 262 2495 atque
283 2458 413 2485 Rutilus.
