1653 2656
707 175 748 178 —
801 153 871 188 203
921 172 966 176 —

169 249 202 281 9.
231 247 413 281 Trahentes
439 251 481 282 ad
508 251 675 283 interitum
870 252 923 284 10.
951 251 1074 289 Honor,
1104 250 1204 281 virtus
1229 252 1261 281 et
1287 249 1389 290 gloria

231 296 305 338 Igni
332 301 456 340 martyr
482 299 650 340 proicitur,
953 299 1002 332 Sit
1026 299 1164 339 Christo,
1193 307 1311 338 sponso
1329 297 1497 337 virginum,

233 345 298 378 Sed
325 346 470 387 gaudens
496 347 598 380 tradit
624 348 784 388 spiritum,
951 347 1011 387 Qui
1038 356 1095 378 nos
1121 346 1163 378 ad
1192 346 1271 378 caeli
1296 345 1413 386 gaudia

230 393 314 426 Dum
345 398 442 435 caput
468 404 543 427 ense
570 395 728 428 caeditur.
953 395 1060 427 Ducat
1086 398 1159 435 post
1187 395 1270 426 vitae
1294 394 1474 425 terminum.

248 489 332 517 Offic.
355 499 408 517 ms.
431 490 460 517 S.
481 491 611 525 Galgani
633 499 709 518 saec.
734 489 778 518 16.
801 491 870 518 Cod.
894 491 1001 518 Senen.
1018 491 1040 517 F
1058 491 1107 521 VI,
1123 488 1168 516 ¹22.
1184 504 1219 506 ᾉ
1235 487 1262 521 9,
1284 487 1301 515 3
1319 488 1447 516 tradidit.
1467 503 1501 506 —

170 528 255 556 Nach
277 528 335 557 Str.
357 527 383 555 5.
406 529 567 556 Divisio.

622 690 683 721 341.
727 690 768 721 De
790 691 898 721 sancto
919 689 1052 720 Iuliano.

417 782 448 813 1.
478 780 638 812 Solvimus
665 790 779 820 magno
809 789 990 820 superoque
1018 779 1085 821 regi

478 829 543 861 Ora
574 829 750 860 concordes
776 828 875 860 iubilo
903 828 1029 860 canoris

478 877 613 917 Semper
639 881 669 908 et
698 877 861 909 Christum
888 876 1063 917 rogitamus
1091 884 1200 907 omnes

552 926 841 965 Cunctipotentem.

416 1019 449 1050 2.
477 1018 537 1057 Qui
565 1017 679 1049 summi
707 1016 810 1056 patris
839 1015 970 1047 veniens
996 1015 1137 1055 potentis

481 1065 521 1097 Se
549 1065 639 1097 dedit
666 1064 759 1096 nobis
786 1064 846 1095 tibi
874 1063 913 1095 de
940 1071 1079 1102 superno

480 1113 632 1153 Corporis
660 1113 744 1144 vires
772 1111 897 1143 validas
924 1111 1120 1152 ministrans,

551 1161 577 1193 Ο
609 1161 743 1193 Iuliane.

418 1254 449 1286 3.
479 1251 578 1284 Furia
605 1252 692 1283 saevi
717 1251 874 1291 premeris
902 1250 1044 1290 tyranni,

479 1300 608 1332 Firmus
635 1301 666 1332 in
694 1300 773 1331 atris
800 1300 923 1332 monitu
949 1298 1055 1330 fidelis

479 1349 654 1389 Stringeris
685 1348 823 1390 Christo⁷
849 1347 957 1379 triduo
984 1351 1127 1379 retentus

553 1398 691 1430 Carcere
718 1400 834 1428 taetro.

419 1492 451 1523 4.
479 1490 639 1531 Aspidum
669 1489 757 1521 diros
783 1488 968 1529 colubrique
994 1496 1118 1518 morsus

482 1538 645 1570 Turbidas
672 1546 828 1577 spernens
854 1537 952 1569 maris
976 1539 1008 1567 et
1033 1535 1203 1577 procellas,

483 1587 648 1619 Sarcinam
676 1591 779 1618 tecum
807 1594 961 1627 superare
987 1584 1097 1616 mundi

556 1637 657 1667 Posce
682 1635 834 1667 labantis.

422 1732 454 1762 5.
482 1728 638 1770 Spiritum
666 1727 807 1759 reddens
834 1727 972 1766 pretium
1000 1725 1087 1757 beati

482 1776 640 1819 Muneris,
669 1775 749 1808 caeli
775 1775 925 1808 stabilem
953 1783 1114 1815 coronam,

483 1826 603 1860 Gliscis
629 1834 667 1858 ac
693 1825 789 1857 vilem
814 1824 950 1864 pedibus
976 1823 1152 1864 premendo

557 1874 687 1907 Caelica
713 1873 841 1914 pandis,

422 1970 453 2002 6.
483 1967 550 2000 Nos
578 1967 645 1999 eius
672 1966 787 1998 saltem
814 1964 939 1998 meritis
966 1964 1103 2004 benigne

482 2016 661 2055 Poscimus‚
691 2015 829 2056 Christe,
857 2014 989 2046 lavacro
1015 2012 1131 2051 renati,

486 2065 531 2099 Ut
556 2068 612 2097 tuo
640 2064 737 2096 donet
764 2062 884 2103 populo
911 2061 1047 2093 salutem

558 2114 660 2146 Omne
686 2121 745 2153 per
770 2120 894 2143 aevum.

427 2207 459 2239 7.
486 2205 535 2238 Sit
558 2205 628 2236 Deo
655 2203 739 2244 patri
769 2202 940 2243 genitoque
968 2199 1063 2240 proli,

487 2253 623 2293 Spiritui
650 2254 763 2284 sancto
789 2251 887 2282 decus
911 2252 943 2280 et
969 2251 1125 2288 potestas,

487 2301 548 2341 Qui
573 2301 660 2333 Deus
687 2299 767 2331 vivit
794 2298 864 2330 sine
890 2296 953 2329 fine
979 2305 1118 2336 regnans

561 2349 679 2381 Trinus
707 2352 739 2380 et
764 2355 856 2379 unus.

262 2451 348 2478 Brev.
382 2456 436 2475 ms.
465 2446 650 2475 Civitatense
680 2444 752 2471 anni
780 2439 865 2469 1476.
895 2440 966 2469 Cod.
989 2440 1111 2468 Civitat.
1136 2439 1273 2467 LXXIV.
1295 2436 1360 2473 (⁴28).
1390 2453 1426 2458 —
1448 2438 1475 2473 3,
1508 2438 1522 2467 l

180 2491 267 2518 Dura
287 2488 379 2516 nimis
401 2486 485 2514 saevi
506 2484 660 2520 premeris.
682 2497 719 2501 —
741 2479 768 2515 3,
790 2478 808 2508 3
834 2479 980 2516 Stringes.
