1653 2656
705 153 964 187 —213—

455 247 490 278 4.
517 245 655 280 Lumina
682 246 805 289 fulgent
832 249 914 283 facie
941 252 1068 295 decora,

521 295 661 327 Praebet
687 301 719 328 et
744 298 850 330 vultus
878 300 946 332 lilia
973 309 1042 332 cum
1071 302 1150 333 rosis

521 343 563 375 Et
590 348 678 376 ostro
705 346 796 378 nives
822 347 962 380 animato
989 349 1095 381 calent

666 393 801 426 Pectore
826 405 968 436 sparsae.

460 471 491 501 5.
520 468 637 512 Pudor,
666 474 829 513 venustas,
858 474 988 505 castitas
1014 474 1046 505 in
1074 478 1140 506 toto

520 516 662 558 Corpore
691 519 807 562 vigent,
837 520 974 561 dumque
996 523 1111 554 transit
1137 524 1231 561 alma,

524 565 638 598 Flores
665 567 790 599 misisse
816 569 919 608 potuit
945 571 1052 610 putari

664 615 774 648 Tellus
801 618 897 648 eunti.

456 692 489 725 6.
516 691 594 731 Ipsa
620 693 760 725 caducae
788 694 882 726 docta
909 696 997 728 caelo
1025 697 1109 728 vitae

521 739 614 772 Dona
640 743 832 782 contempsit
858 744 1043 782 pulchriora
1070 745 1190 776 malens

519 787 670 821 Reddere
696 799 813 829 sponso
840 801 981 833 munera,
1009 802 1090 833 quae
1116 802 1271 833 nusquam

663 837 814 870 Termino
841 844 984 879 parcent.

458 913 487 945 7.
517 913 611 946 Unde
638 923 708 946 cum
735 925 830 948 saeva
857 917 961 956 surgit
986 927 1003 948 a
1030 921 1167 957 tyranno

519 961 639 994 Rabies
666 967 786 1002 contra,
815 965 919 1004 potuit
944 965 1065 997 invicta

519 1010 618 1042 Rotas
644 1020 682 1042 ac
710 1010 829 1043 ferrum
858 1013 995 1055 vincere,
1023 1013 1070 1044 sic
1097 1022 1207 1045 necem

661 1059 787 1091 Tenera
813 1060 935 1092 temnit.

452 1136 486 1168 8.
513 1135 584 1177 Eia,
612 1145 696 1166 nunc
723 1136 812 1176 virgo
839 1138 962 1168 sociata
987 1146 1115 1177 sponso,

515 1183 614 1223 Quem
643 1184 786 1216 revelata
814 1184 895 1216 facie
922 1186 1033 1227 tueris,

515 1231 583 1271 Ipsi
610 1240 667 1263 nos
693 1233 756 1264 tuis
783 1233 933 1273 precibus
961 1234 1147 1266 commenda

657 1280 887 1320 Omnipotenti.

449 1359 479 1390 9.
507 1358 727 1399 omnipotenti
753 1359 889 1400 gloriam
917 1369 1076 1399 canamus,

509 1407 569 1447 Qui
596 1408 698 1439 trinus
726 1411 848 1450 regnat,
876 1409 1102 1448 sempiternus,
1130 1419 1220 1444 unus,

510 1455 633 1496 Quique
659 1456 772 1488 fideles
799 1465 946 1488 recreare
972 1457 1040 1489 solo

657 1504 749 1536 Valet
773 1503 898 1537 obtutu.

228 1581 358 1609 Collect.
382 1589 439 1610 ms.
459 1581 614 1608 Constant.
636 1581 771 1608 Caietani
794 1579 870 1609 saec.
897 1580 938 1608 17.
964 1582 1034 1609 Cod.
1059 1582 1250 1609 Alexandria.
1272 1580 1308 1609 96
1329 1583 1374 1614 (1).

579 1694 645 1725 357.
689 1695 731 1725 Dc
753 1697 864 1726 sancta
888 1695 1075 1726 Katliarina.

665 1746 715 1772 Ad
747 1747 989 1774 Nocturnum,

156 1816 192 1850 1.
220 1815 324 1848 Nocte
350 1815 469 1854 silenti,
497 1815 654 1857 conditor,
853 1817 884 1848 3.
912 1816 973 1848 illa
999 1817 1150 1848 resistens
1176 1818 1308 1850 Caesari

214 1864 288 1897 Tibi
315 1866 483 1905 surgentes
508 1864 660 1906 canimus,
913 1864 992 1896 Eius
1018 1868 1119 1896 terret
1146 1864 1309 1905 ferociam,

215 1913 275 1954 Qui
303 1913 504 1945 Katharinae
532 1912 648 1954 virgini
914 1913 976 1946 Illa
1003 1914 1079 1945 vicit
1107 1914 1314 1954 philosophos

219 1962 382 1996 Sermonis
409 1960 538 1994 confers
564 1962 710 2002 gratiam.
914 1962 975 1994 Illo
1004 1962 1070 1994 visa
1097 1962 1265 2013 mirabilis.

153 2042 186 2074 2.
214 2041 262 2074 Te
288 2041 440 2083 canimus,
467 2044 499 2072 te
525 2040 719 2081 quaerimus,
853 2042 883 2073 4.
912 2039 997 2071 Hinc
1024 2041 1126 2073 noctis
1154 2040 1369 2081 ignorantiam

214 2090 360 2123 Aeterna
385 2089 467 2122 caeli
493 2089 606 2130 gloria,
913 2088 1042 2120 Nostris
1070 2089 1209 2129 repellat
1237 2090 1408 2131 mentibus,

213 2139 273 2180 Qui
301 2138 435 2179 virginis
461 2138 654 2179 praecordia
913 2138 959 2170 Ut
985 2138 1032 2169 sic
1059 2137 1198 2169 victores
1225 2137 1364 2170 hostium

212 2187 359 2230 Replesti
385 2187 555 2227 sapientia.
912 2185 991 2217 Eius
1020 2186 1195 2219 reddamur
1221 2187 1345 2220 merito.

521 2267 552 2298 5.
581 2264 705 2304 Honor,
734 2264 842 2303 decus,
870 2263 1040 2303 imperium

584 2313 686 2353 Patri,
717 2316 802 2355 nato,
831 2312 1001 2353 paraclito,

582 2361 643 2401 Qui
667 2361 774 2403 regnis
801 2361 832 2393 in
855 2360 1047 2393 caelestibus

582 2410 710 2442 Mentes
737 2410 848 2442 beatas
877 2409 990 2442 reficit.

225 2488 351 2516 Collect.
373 2497 426 2515 ms.
445 2488 600 2516 Constant.
623 2488 759 2515 Caietani
781 2496 859 2515 saec.
884 2486 928 2514 17.
950 2487 1021 2515 Cod.
1044 2487 1236 2515 Alexandria.
1259 2485 1296 2516 96
1315 2487 1359 2523 (Ι).
