<?xml version="1.0" encoding="UTF-8"?>
<!DOCTYPE html PUBLIC "-//W3C//DTD XHTML 1.0 Transitional//EN"
    "http://www.w3.org/TR/xhtml1/DTD/xhtml1-transitional.dtd">
<html xmlns="http://www.w3.org/1999/xhtml" xml:lang="en" lang="en">
 <head>
  <title>
</title>
<meta http-equiv="Content-Type" content="text/html;charset=utf-8" />
  <meta name='ocr-system' content='tesseract 3.04.00' />
  <meta name='ocr-capabilities' content='ocr_page ocr_carea ocr_par ocr_line ocrx_word'/>
</head>
<body>
  <div class='ocr_page' id='page_1' title='image "./analectahymnica43drevuoft/analectahymnica43drevuoft_0260.png"; bbox 0 0 1653 2656; ppageno 0'>
   <div class='ocr_carea' id='block_1_1' title="bbox 735 141 997 178">
    <p class='ocr_par' dir='ltr' id='par_1_1' title="bbox 735 141 997 178">
     <span class='ocr_line' id='line_1_1' title="bbox 735 141 997 178; baseline 0.034 -6"><span class='ocrx_word' id='word_1_1' title='bbox 735 141 997 178; x_wconf 83' lang='lat'><strong>—257—</strong></span> 
     </span>
    </p>
   </div>
   <div class='ocr_carea' id='block_1_2' title="bbox 621 279 1090 319">
    <p class='ocr_par' dir='ltr' id='par_1_2' title="bbox 621 279 1090 319">
     <span class='ocr_line' id='line_1_2' title="bbox 621 279 1090 319; baseline 0.019 -9"><span class='ocrx_word' id='word_1_2' title='bbox 621 279 692 311; x_wconf 79' lang='lat'>430.</span> <span class='ocrx_word' id='word_1_3' title='bbox 735 282 777 313; x_wconf 85' lang='lat' dir='ltr'>De</span> <span class='ocrx_word' id='word_1_4' title='bbox 799 285 908 316; x_wconf 75' lang='lat' dir='ltr'>sancto</span> <span class='ocrx_word' id='word_1_5' title='bbox 929 285 1090 319; x_wconf 67' lang='lat' dir='ltr'>michaele.</span> 
     </span>
    </p>
   </div>
   <div class='ocr_carea' id='block_1_3' title="bbox 187 343 1454 612">
    <p class='ocr_par' dir='ltr' id='par_1_3' title="bbox 754 343 962 373">
     <span class='ocr_line' id='line_1_3' title="bbox 754 343 962 373; baseline 0.014 -3"><span class='ocrx_word' id='word_1_6' title='bbox 754 343 803 370; x_wconf 83' lang='lat' dir='ltr'>Ad</span> <span class='ocrx_word' id='word_1_7' title='bbox 831 345 962 373; x_wconf 82' lang='lat' dir='ltr'><strong>Horas.</strong></span> 
     </span>
    </p>

    <p class='ocr_par' dir='ltr' id='par_1_4' title="bbox 187 407 1454 612">
     <span class='ocr_line' id='line_1_4' title="bbox 187 407 1422 473; baseline 0.023 -36"><span class='ocrx_word' id='word_1_8' title='bbox 187 407 217 439; x_wconf 89' lang='lat'>1.</span> <span class='ocrx_word' id='word_1_9' title='bbox 246 407 272 440; x_wconf 92' lang='grc' dir='ltr'><strong>Ο</strong></span> <span class='ocrx_word' id='word_1_10' title='bbox 297 408 439 442; x_wconf 86' lang='lat' dir='ltr'>Michael</span> <span class='ocrx_word' id='word_1_11' title='bbox 468 413 592 457; x_wconf 82' lang='lat' dir='ltr'>eximie,</span> <span class='ocrx_word' id='word_1_12' title='bbox 882 424 915 455; x_wconf 89' lang='lat'>2.</span> <span class='ocrx_word' id='word_1_13' title='bbox 942 423 1006 456; x_wconf 86' lang='lat' dir='ltr'>Ora</span> <span class='ocrx_word' id='word_1_14' title='bbox 1032 435 1092 465; x_wconf 88' lang='lat' dir='ltr'>pro</span> <span class='ocrx_word' id='word_1_15' title='bbox 1120 428 1211 460; x_wconf 88' lang='lat' dir='ltr'>nobis</span> <span class='ocrx_word' id='word_1_16' title='bbox 1241 430 1422 473; x_wconf 86' lang='lat' dir='ltr'>Dominum,</span> 
     </span>
     <span class='ocr_line' id='line_1_5' title="bbox 248 454 1454 524; baseline 0.023 -37"><span class='ocrx_word' id='word_1_17' title='bbox 248 454 405 490; x_wconf 89' lang='lat' dir='ltr'>Caelestis</span> <span class='ocrx_word' id='word_1_18' title='bbox 431 461 584 502; x_wconf 87' lang='lat' dir='ltr'>princeps</span> <span class='ocrx_word' id='word_1_19' title='bbox 611 466 730 504; x_wconf 85' lang='lat' dir='ltr'>curiae,</span> <span class='ocrx_word' id='word_1_20' title='bbox 942 471 1009 503; x_wconf 87' lang='lat' dir='ltr'>Nos</span> <span class='ocrx_word' id='word_1_21' title='bbox 1036 474 1141 507; x_wconf 83' lang='lat' dir='ltr'>solvat</span> <span class='ocrx_word' id='word_1_22' title='bbox 1167 486 1249 509; x_wconf 87' lang='lat' dir='ltr'>nexu</span> <span class='ocrx_word' id='word_1_23' title='bbox 1276 482 1454 524; x_wconf 88' lang='lat' dir='ltr'>criminum,</span> 
     </span>
     <span class='ocr_line' id='line_1_6' title="bbox 248 504 1277 565; baseline 0.022 -30"><span class='ocrx_word' id='word_1_24' title='bbox 248 504 386 538; x_wconf 89' lang='lat' dir='ltr'>Intende</span> <span class='ocrx_word' id='word_1_25' title='bbox 412 510 531 541; x_wconf 86' lang='lat' dir='ltr'>nostris</span> <span class='ocrx_word' id='word_1_26' title='bbox 558 513 709 551; x_wconf 85' lang='lat' dir='ltr'>precibus</span> <span class='ocrx_word' id='word_1_27' title='bbox 941 521 1100 562; x_wconf 86' lang='lat' dir='ltr'>Angelica</span> <span class='ocrx_word' id='word_1_28' title='bbox 1126 525 1277 565; x_wconf 85' lang='lat' dir='ltr'>suffragia</span> 
     </span>
     <span class='ocr_line' id='line_1_7' title="bbox 243 552 1322 612; baseline 0.023 -29"><span class='ocrx_word' id='word_1_29' title='bbox 243 552 324 585; x_wconf 88' lang='lat' dir='ltr'>Cum</span> <span class='ocrx_word' id='word_1_30' title='bbox 350 556 536 595; x_wconf 84' lang='lat' dir='ltr'>angelorum</span> <span class='ocrx_word' id='word_1_31' title='bbox 564 561 717 595; x_wconf 87' lang='lat' dir='ltr'>coetibus.</span> <span class='ocrx_word' id='word_1_32' title='bbox 945 568 1011 600; x_wconf 83' lang='lat' dir='ltr'>Fac</span> <span class='ocrx_word' id='word_1_33' title='bbox 1038 571 1130 603; x_wconf 89' lang='lat' dir='ltr'>nobis</span> <span class='ocrx_word' id='word_1_34' title='bbox 1157 574 1322 612; x_wconf 82' lang='lat' dir='ltr'>salutaria,</span> 
     </span>
    </p>
   </div>
   <div class='ocr_carea' id='block_1_4' title="bbox 576 647 1096 837">
    <p class='ocr_par' dir='ltr' id='par_1_5' title="bbox 576 647 1096 837">
     <span class='ocr_line' id='line_1_8' title="bbox 576 647 1096 699; baseline 0.019 -21"><span class='ocrx_word' id='word_1_35' title='bbox 576 647 608 679; x_wconf 89' lang='lat'>3.</span> <span class='ocrx_word' id='word_1_36' title='bbox 638 647 722 680; x_wconf 85' lang='lat' dir='ltr'>Laus</span> <span class='ocrx_word' id='word_1_37' title='bbox 749 650 818 689; x_wconf 82' lang='lat' dir='ltr'>tibi,</span> <span class='ocrx_word' id='word_1_38' title='bbox 847 661 904 684; x_wconf 89' lang='lat' dir='ltr'>rex</span> <span class='ocrx_word' id='word_1_39' title='bbox 929 654 1096 699; x_wconf 77' lang='lat' dir='ltr'>altissime,</span> 
     </span>
     <span class='ocr_line' id='line_1_9' title="bbox 634 697 1012 743; baseline 0.021 -17"><span class='ocrx_word' id='word_1_40' title='bbox 634 697 706 728; x_wconf 80' lang='lat' dir='ltr'>Iesu</span> <span class='ocrx_word' id='word_1_41' title='bbox 735 697 826 741; x_wconf 91' lang='lat' dir='ltr'>bone,</span> <span class='ocrx_word' id='word_1_42' title='bbox 855 701 1012 743; x_wconf 86' lang='lat' dir='ltr'>piissime,</span> 
     </span>
     <span class='ocr_line' id='line_1_10' title="bbox 634 743 1057 791; baseline 0.021 -16"><span class='ocrx_word' id='word_1_43' title='bbox 634 743 719 776; x_wconf 82' lang='lat' dir='ltr'>Laus</span> <span class='ocrx_word' id='word_1_44' title='bbox 745 748 831 786; x_wconf 84' lang='lat' dir='ltr'>patri</span> <span class='ocrx_word' id='word_1_45' title='bbox 858 752 890 780; x_wconf 86' lang='lat' dir='ltr'>et</span> <span class='ocrx_word' id='word_1_46' title='bbox 915 750 1057 791; x_wconf 85' lang='lat' dir='ltr'>ingenito</span> 
     </span>
     <span class='ocr_line' id='line_1_11' title="bbox 634 792 1052 837; baseline 0.022 -14"><span class='ocrx_word' id='word_1_47' title='bbox 634 792 711 824; x_wconf 92' lang='lat' dir='ltr'>Cum</span> <span class='ocrx_word' id='word_1_48' title='bbox 740 795 857 834; x_wconf 88' lang='lat' dir='ltr'>spiritu</span> <span class='ocrx_word' id='word_1_49' title='bbox 884 800 1052 837; x_wconf 85' lang='lat' dir='ltr'>paraclito.</span> 
     </span>
    </p>
   </div>
   <div class='ocr_carea' id='block_1_5' title="bbox 259 880 1503 935">
    <p class='ocr_par' dir='ltr' id='par_1_6' title="bbox 259 880 1503 935">
     <span class='ocr_line' id='line_1_12' title="bbox 259 880 1503 935; baseline 0.021 -29"><span class='ocrx_word' id='word_1_50' title='bbox 259 880 366 908; x_wconf 79' lang='lat' dir='ltr'>Horar.</span> <span class='ocrx_word' id='word_1_51' title='bbox 394 892 446 909; x_wconf 82' lang='lat' dir='ltr'>ms.</span> <span class='ocrx_word' id='word_1_52' title='bbox 477 885 666 914; x_wconf 74' lang='lat' dir='ltr'>Franciscan.</span> <span class='ocrx_word' id='word_1_53' title='bbox 695 897 771 916; x_wconf 81' lang='lat' dir='ltr'>saec.</span> <span class='ocrx_word' id='word_1_54' title='bbox 800 889 842 917; x_wconf 83' lang='grc'>15.</span> <span class='ocrx_word' id='word_1_55' title='bbox 865 892 934 919; x_wconf 80' lang='lat' dir='ltr'>Cod.</span> <span class='ocrx_word' id='word_1_56' title='bbox 958 895 1093 924; x_wconf 78' lang='lat' dir='ltr'>Vatican.</span> <span class='ocrx_word' id='word_1_57' title='bbox 1116 899 1185 935; x_wconf 79' lang='lat' dir='ltr'>Reg.</span> <span class='ocrx_word' id='word_1_58' title='bbox 1216 900 1277 929; x_wconf 79' lang='lat'>165.</span> <span class='ocrx_word' id='word_1_59' title='bbox 1300 904 1333 930; x_wconf 73' lang='lat' dir='ltr'>A.</span> <span class='ocrx_word' id='word_1_60' title='bbox 1357 919 1390 923; x_wconf 86' lang='lat'>——</span> <span class='ocrx_word' id='word_1_61' title='bbox 1413 906 1503 933; x_wconf 56' lang='lat' dir='ltr'>Pssiit.</span> 
     </span>
    </p>
   </div>
   <div class='ocr_carea' id='block_1_6' title="bbox 172 919 1510 999">
    <p class='ocr_par' dir='ltr' id='par_1_7' title="bbox 172 919 1510 999">
     <span class='ocr_line' id='line_1_13' title="bbox 172 919 1510 974; baseline 0.022 -31"><span class='ocrx_word' id='word_1_62' title='bbox 172 927 224 945; x_wconf 71' lang='grc'><strong>1115.</strong></span> <span class='ocrx_word' id='word_1_63' title='bbox 255 919 439 949; x_wconf 80' lang='lat' dir='ltr'>Benedictin.</span> <span class='ocrx_word' id='word_1_64' title='bbox 469 932 544 951; x_wconf 82' lang='lat' dir='ltr'>saec.</span> <span class='ocrx_word' id='word_1_65' title='bbox 577 925 618 952; x_wconf 75' lang='lat'>15.</span> <span class='ocrx_word' id='word_1_66' title='bbox 647 926 716 953; x_wconf 86' lang='lat' dir='ltr'>Cod.</span> <span class='ocrx_word' id='word_1_67' title='bbox 740 929 874 956; x_wconf 72' lang='lat' dir='ltr'>vatican.</span> <span class='ocrx_word' id='word_1_68' title='bbox 908 932 1047 961; x_wconf 76' lang='lat' dir='ltr'>ottobon.</span> <span class='ocrx_word' id='word_1_69' title='bbox 1076 935 1160 964; x_wconf 76' lang='lat'>2921.</span> <span class='ocrx_word' id='word_1_70' title='bbox 1181 939 1214 966; x_wconf 88' lang='lat' dir='ltr'>B.</span> <span class='ocrx_word' id='word_1_71' title='bbox 1236 955 1271 959; x_wconf 88' lang='lat'>—</span> <span class='ocrx_word' id='word_1_72' title='bbox 1298 940 1326 974; x_wconf 82' lang='lat' dir='ltr'>l,</span> <span class='ocrx_word' id='word_1_73' title='bbox 1357 942 1369 970; x_wconf 90' lang='lat'>1</span> <span class='ocrx_word' id='word_1_74' title='bbox 1394 944 1417 967; x_wconf 73' lang='lat' dir='ltr'>s)</span> <span class='ocrx_word' id='word_1_75' title='bbox 1439 946 1510 972; x_wconf 67' lang='lat' dir='ltr'>fehlt</span> 
     </span>
     <span class='ocr_line' id='line_1_14' title="bbox 172 956 948 999; baseline 0.018 -17"><span class='ocrx_word' id='word_1_76' title='bbox 172 957 203 982; x_wconf 77' lang='grc' dir='ltr'>Η.</span> <span class='ocrx_word' id='word_1_77' title='bbox 228 974 262 977; x_wconf 86' lang='lat'><strong>—</strong></span> <span class='ocrx_word' id='word_1_78' title='bbox 287 957 311 990; x_wconf 73' lang='lat'>2,</span> <span class='ocrx_word' id='word_1_79' title='bbox 335 956 352 985; x_wconf 87' lang='grc'>2</span> <span class='ocrx_word' id='word_1_80' title='bbox 374 960 465 988; x_wconf 82' lang='lat' dir='ltr'>Salva</span> <span class='ocrx_word' id='word_1_81' title='bbox 487 971 504 988; x_wconf 77' lang='lat' dir='ltr'>a</span> <span class='ocrx_word' id='word_1_82' title='bbox 523 971 599 990; x_wconf 82' lang='lat' dir='ltr'>nexu</span> <span class='ocrx_word' id='word_1_83' title='bbox 621 965 654 991; x_wconf 84' lang='lat' dir='ltr'>B.</span> <span class='ocrx_word' id='word_1_84' title='bbox 677 980 713 985; x_wconf 91' lang='lat'>—-</span> <span class='ocrx_word' id='word_1_85' title='bbox 734 964 761 999; x_wconf 82' lang='lat'>3,</span> <span class='ocrx_word' id='word_1_86' title='bbox 783 965 800 993; x_wconf 84' lang='lat'>2</span> <span class='ocrx_word' id='word_1_87' title='bbox 822 968 895 995; x_wconf 82' lang='lat' dir='ltr'>fehlt</span> <span class='ocrx_word' id='word_1_88' title='bbox 916 971 948 997; x_wconf 86' lang='grc' dir='ltr'>Α.</span> 
     </span>
    </p>
   </div>
   <div class='ocr_carea' id='block_1_7' title="bbox 611 1094 1071 1136">
    <p class='ocr_par' dir='ltr' id='par_1_8' title="bbox 611 1094 1071 1136">
     <span class='ocr_line' id='line_1_15' title="bbox 611 1094 1071 1136; baseline 0.022 -12"><span class='ocrx_word' id='word_1_89' title='bbox 611 1094 674 1126; x_wconf 73' lang='grc'><strong>431.</strong></span> <span class='ocrx_word' id='word_1_90' title='bbox 716 1097 757 1128; x_wconf 85' lang='lat' dir='ltr'>De</span> <span class='ocrx_word' id='word_1_91' title='bbox 779 1103 888 1132; x_wconf 83' lang='lat' dir='ltr'>sancto</span> <span class='ocrx_word' id='word_1_92' title='bbox 910 1101 1071 1136; x_wconf 78' lang='lat' dir='ltr'>Michaele.</span> 
     </span>
    </p>
   </div>
   <div class='ocr_carea' id='block_1_8' title="bbox 697 1158 976 1197">
    <p class='ocr_par' dir='ltr' id='par_1_9' title="bbox 697 1158 976 1197">
     <span class='ocr_line' id='line_1_16' title="bbox 697 1158 976 1197; baseline 0.025 -14"><span class='ocrx_word' id='word_1_93' title='bbox 697 1158 746 1185; x_wconf 80' lang='lat' dir='ltr'>Ad</span> <span class='ocrx_word' id='word_1_94' title='bbox 776 1160 976 1197; x_wconf 82' lang='lat' dir='ltr'>Vesperas.</span> 
     </span>
    </p>
   </div>
   <div class='ocr_carea' id='block_1_9' title="bbox 167 1226 1384 1340">
    <p class='ocr_par' dir='ltr' id='par_1_10' title="bbox 167 1226 1384 1340">
     <span class='ocr_line' id='line_1_17' title="bbox 167 1226 1384 1290; baseline 0.024 -34"><span class='ocrx_word' id='word_1_95' title='bbox 167 1226 197 1258; x_wconf 89' lang='lat'>1.</span> <span class='ocrx_word' id='word_1_96' title='bbox 226 1227 406 1266; x_wconf 82' lang='lat' dir='ltr'>Angelicae</span> <span class='ocrx_word' id='word_1_97' title='bbox 432 1230 566 1262; x_wconf 81' lang='lat' dir='ltr'>militiae</span> <span class='ocrx_word' id='word_1_98' title='bbox 868 1241 900 1272; x_wconf 89' lang='lat'>3.</span> <span class='ocrx_word' id='word_1_99' title='bbox 929 1242 966 1273; x_wconf 88' lang='lat' dir='ltr'>In</span> <span class='ocrx_word' id='word_1_100' title='bbox 993 1252 1107 1284; x_wconf 83' lang='lat' dir='ltr'>magno</span> <span class='ocrx_word' id='word_1_101' title='bbox 1134 1249 1215 1280; x_wconf 76' lang='lat' dir='ltr'>caeli</span> <span class='ocrx_word' id='word_1_102' title='bbox 1241 1254 1384 1290; x_wconf 86' lang='lat' dir='ltr'>praemio</span> 
     </span>
     <span class='ocr_line' id='line_1_18' title="bbox 227 1274 1352 1340; baseline 0.024 -35"><span class='ocrx_word' id='word_1_103' title='bbox 227 1274 292 1306; x_wconf 90' lang='lat' dir='ltr'>Nos</span> <span class='ocrx_word' id='word_1_104' title='bbox 318 1276 512 1310; x_wconf 86' lang='lat' dir='ltr'>Michaelem</span> <span class='ocrx_word' id='word_1_105' title='bbox 541 1280 636 1313; x_wconf 87' lang='lat' dir='ltr'>hodie</span> <span class='ocrx_word' id='word_1_106' title='bbox 928 1290 1006 1322; x_wconf 85' lang='lat' dir='ltr'>Cum</span> <span class='ocrx_word' id='word_1_107' title='bbox 1033 1302 1089 1324; x_wconf 89' lang='lat' dir='ltr'>suo</span> <span class='ocrx_word' id='word_1_108' title='bbox 1116 1298 1192 1327; x_wconf 88' lang='lat' dir='ltr'>tunc</span> <span class='ocrx_word' id='word_1_109' title='bbox 1218 1299 1352 1340; x_wconf 83' lang='lat' dir='ltr'>collegio</span> 
     </span>
    </p>
   </div>
   <div class='ocr_carea' id='block_1_10' title="bbox 224 1323 1467 1435">
    <p class='ocr_par' dir='ltr' id='par_1_11' title="bbox 224 1323 1467 1435">
     <span class='ocr_line' id='line_1_19' title="bbox 226 1323 1276 1386; baseline 0.024 -32"><span class='ocrx_word' id='word_1_110' title='bbox 226 1323 411 1357; x_wconf 86' lang='lat' dir='ltr'>Laudemus</span> <span class='ocrx_word' id='word_1_111' title='bbox 438 1330 470 1358; x_wconf 89' lang='lat' dir='ltr'>et</span> <span class='ocrx_word' id='word_1_112' title='bbox 495 1327 527 1360; x_wconf 90' lang='lat' dir='ltr'>in</span> <span class='ocrx_word' id='word_1_113' title='bbox 556 1336 720 1368; x_wconf 86' lang='lat' dir='ltr'>posterum</span> <span class='ocrx_word' id='word_1_114' title='bbox 925 1338 1099 1373; x_wconf 83' lang='lat' dir='ltr'>Victoriam</span> <span class='ocrx_word' id='word_1_115' title='bbox 1127 1344 1276 1386; x_wconf 89' lang='lat' dir='ltr'>obtinuit,</span> 
     </span>
     <span class='ocr_line' id='line_1_20' title="bbox 224 1371 1467 1435; baseline 0.025 -33"><span class='ocrx_word' id='word_1_116' title='bbox 224 1371 398 1405; x_wconf 82' lang='lat' dir='ltr'>Primatem</span> <span class='ocrx_word' id='word_1_117' title='bbox 426 1379 458 1406; x_wconf 81' lang='lat' dir='ltr'>et</span> <span class='ocrx_word' id='word_1_118' title='bbox 484 1376 684 1416; x_wconf 82' lang='lat' dir='ltr'>signiferum.</span> <span class='ocrx_word' id='word_1_119' title='bbox 924 1386 987 1419; x_wconf 85' lang='lat' dir='ltr'>Per</span> <span class='ocrx_word' id='word_1_120' title='bbox 1013 1399 1106 1429; x_wconf 84' lang='lat' dir='ltr'>quam</span> <span class='ocrx_word' id='word_1_121' title='bbox 1134 1395 1308 1433; x_wconf 87' lang='lat' dir='ltr'>superbum</span> <span class='ocrx_word' id='word_1_122' title='bbox 1337 1401 1467 1435; x_wconf 82' lang='lat' dir='ltr'>corruit.</span> 
     </span>
    </p>
   </div>
   <div class='ocr_carea' id='block_1_11' title="bbox 161 1458 1345 1525">
    <p class='ocr_par' dir='ltr' id='par_1_12' title="bbox 161 1458 1345 1525">
     <span class='ocr_line' id='line_1_21' title="bbox 161 1458 1345 1525; baseline 0.024 -37"><span class='ocrx_word' id='word_1_123' title='bbox 161 1459 193 1490; x_wconf 83' lang='lat'>2.</span> <span class='ocrx_word' id='word_1_124' title='bbox 219 1458 445 1502; x_wconf 81' lang='lat' dir='ltr'>Archangelus</span> <span class='ocrx_word' id='word_1_125' title='bbox 473 1468 520 1494; x_wconf 89' lang='lat' dir='ltr'>est</span> <span class='ocrx_word' id='word_1_126' title='bbox 547 1464 688 1506; x_wconf 84' lang='lat' dir='ltr'>inclitus,</span> <span class='ocrx_word' id='word_1_127' title='bbox 861 1476 892 1505; x_wconf 82' lang='lat'>4.</span> <span class='ocrx_word' id='word_1_128' title='bbox 922 1473 975 1505; x_wconf 83' lang='lat' dir='ltr'>Sic</span> <span class='ocrx_word' id='word_1_129' title='bbox 1002 1476 1095 1509; x_wconf 84' lang='lat' dir='ltr'>iustis</span> <span class='ocrx_word' id='word_1_130' title='bbox 1122 1479 1153 1511; x_wconf 89' lang='lat' dir='ltr'>in</span> <span class='ocrx_word' id='word_1_131' title='bbox 1180 1483 1345 1525; x_wconf 80' lang='lat' dir='ltr'>auxilium,</span> 
     </span>
    </p>
   </div>
   <div class='ocr_carea' id='block_1_12' title="bbox 222 1507 1332 1575">
    <p class='ocr_par' dir='ltr' id='par_1_13' title="bbox 222 1507 1332 1575">
     <span class='ocr_line' id='line_1_22' title="bbox 222 1507 1332 1575; baseline 0.024 -38"><span class='ocrx_word' id='word_1_132' title='bbox 222 1507 370 1540; x_wconf 84' lang='lat' dir='ltr'>Paradisi</span> <span class='ocrx_word' id='word_1_133' title='bbox 397 1513 614 1553; x_wconf 84' lang='lat' dir='ltr'>praepositus,</span> <span class='ocrx_word' id='word_1_134' title='bbox 919 1522 1003 1554; x_wconf 89' lang='lat' dir='ltr'>Dum</span> <span class='ocrx_word' id='word_1_135' title='bbox 1032 1532 1149 1558; x_wconf 86' lang='lat' dir='ltr'>exeunt</span> <span class='ocrx_word' id='word_1_136' title='bbox 1174 1531 1332 1575; x_wconf 74' lang='lat' dir='ltr'>exsilium,</span> 
     </span>
    </p>
   </div>
   <div class='ocr_carea' id='block_1_13' title="bbox 213 1555 1368 1663">
    <p class='ocr_par' dir='ltr' id='par_1_14' title="bbox 213 1555 1368 1663">
     <span class='ocr_line' id='line_1_23' title="bbox 222 1555 1368 1614; baseline 0.025 -29"><span class='ocrx_word' id='word_1_137' title='bbox 222 1555 323 1588; x_wconf 79' lang='lat' dir='ltr'>Vacat</span> <span class='ocrx_word' id='word_1_138' title='bbox 350 1562 483 1590; x_wconf 82' lang='lat' dir='ltr'>aeterno</span> <span class='ocrx_word' id='word_1_139' title='bbox 509 1562 631 1593; x_wconf 88' lang='lat' dir='ltr'>numini</span> <span class='ocrx_word' id='word_1_140' title='bbox 919 1571 1060 1610; x_wconf 73' lang='lat' dir='ltr'>Quorum</span> <span class='ocrx_word' id='word_1_141' title='bbox 1089 1575 1221 1610; x_wconf 81' lang='lat' dir='ltr'>deducit</span> <span class='ocrx_word' id='word_1_142' title='bbox 1247 1581 1368 1614; x_wconf 81' lang='lat' dir='ltr'>animas</span> 
     </span>
     <span class='ocr_line' id='line_1_24' title="bbox 213 1605 1363 1663; baseline 0.024 -29"><span class='ocrx_word' id='word_1_143' title='bbox 213 1605 302 1636; x_wconf 89' lang='lat' dir='ltr'>Ante</span> <span class='ocrx_word' id='word_1_144' title='bbox 329 1610 539 1647; x_wconf 85' lang='lat' dir='ltr'>conspectum</span> <span class='ocrx_word' id='word_1_145' title='bbox 568 1610 708 1646; x_wconf 88' lang='lat' dir='ltr'>Domini.</span> <span class='ocrx_word' id='word_1_146' title='bbox 916 1620 969 1651; x_wconf 86' lang='lat' dir='ltr'>Ad</span> <span class='ocrx_word' id='word_1_147' title='bbox 998 1622 1088 1654; x_wconf 82' lang='lat' dir='ltr'>aulas</span> <span class='ocrx_word' id='word_1_148' title='bbox 1115 1628 1363 1663; x_wconf 79' lang='lat' dir='ltr'>sacratissimas.</span> 
     </span>
    </p>
   </div>
   <div class='ocr_carea' id='block_1_14' title="bbox 549 1698 1096 1889">
    <p class='ocr_par' dir='ltr' id='par_1_15' title="bbox 549 1698 1096 1889">
     <span class='ocr_line' id='line_1_25' title="bbox 549 1698 1078 1751; baseline 0.025 -23"><span class='ocrx_word' id='word_1_149' title='bbox 549 1699 582 1730; x_wconf 85' lang='lat'>5.</span> <span class='ocrx_word' id='word_1_150' title='bbox 610 1698 755 1741; x_wconf 80' lang='lat' dir='ltr'>Praesta,</span> <span class='ocrx_word' id='word_1_151' title='bbox 783 1703 856 1735; x_wconf 91' lang='lat' dir='ltr'>Iesu</span> <span class='ocrx_word' id='word_1_152' title='bbox 883 1706 1078 1751; x_wconf 78' lang='lat' dir='ltr'>dulcissime,</span> 
     </span>
     <span class='ocr_line' id='line_1_26' title="bbox 609 1748 1065 1798; baseline 0.024 -19"><span class='ocrx_word' id='word_1_153' title='bbox 609 1748 695 1780; x_wconf 85' lang='lat' dir='ltr'>Fons</span> <span class='ocrx_word' id='word_1_154' title='bbox 721 1752 840 1784; x_wconf 87' lang='lat' dir='ltr'>amoris</span> <span class='ocrx_word' id='word_1_155' title='bbox 867 1754 1065 1798; x_wconf 87' lang='lat' dir='ltr'>plenissime,</span> 
     </span>
     <span class='ocr_line' id='line_1_27' title="bbox 607 1795 1025 1842; baseline 0.026 -15"><span class='ocrx_word' id='word_1_156' title='bbox 607 1795 651 1828; x_wconf 87' lang='lat' dir='ltr'>Ut</span> <span class='ocrx_word' id='word_1_157' title='bbox 676 1797 847 1833; x_wconf 85' lang='lat' dir='ltr'>Michaelis</span> <span class='ocrx_word' id='word_1_158' title='bbox 874 1805 1025 1842; x_wconf 83' lang='lat' dir='ltr'>precibus</span> 
     </span>
     <span class='ocr_line' id='line_1_28' title="bbox 606 1844 1096 1889; baseline 0.027 -14"><span class='ocrx_word' id='word_1_159' title='bbox 606 1844 674 1877; x_wconf 88' lang='lat' dir='ltr'>Nos</span> <span class='ocrx_word' id='word_1_160' title='bbox 701 1847 806 1880; x_wconf 87' lang='lat' dir='ltr'>salves</span> <span class='ocrx_word' id='word_1_161' title='bbox 833 1850 865 1882; x_wconf 93' lang='lat' dir='ltr'>in</span> <span class='ocrx_word' id='word_1_162' title='bbox 894 1854 1096 1889; x_wconf 78' lang='lat' dir='ltr'>caelestibus,</span> 
     </span>
    </p>
   </div>
   <div class='ocr_carea' id='block_1_15' title="bbox 442 2227 1177 2277">
    <p class='ocr_par' dir='ltr' id='par_1_16' title="bbox 442 2227 1177 2277">
     <span class='ocr_line' id='line_1_29' title="bbox 442 2227 1177 2277; baseline 0.024 -20"><span class='ocrx_word' id='word_1_163' title='bbox 442 2227 513 2259; x_wconf 78' lang='lat'>432.</span> <span class='ocrx_word' id='word_1_164' title='bbox 557 2230 598 2262; x_wconf 67' lang='lat' dir='ltr'>lle</span> <span class='ocrx_word' id='word_1_165' title='bbox 619 2241 658 2262; x_wconf 88' lang='lat' dir='ltr'>ss.</span> <span class='ocrx_word' id='word_1_166' title='bbox 682 2233 816 2273; x_wconf 73' lang='lat' dir='ltr'>Nicasio,</span> <span class='ocrx_word' id='word_1_167' title='bbox 839 2236 979 2277; x_wconf 70' lang='lat' dir='ltr'>Quirino,</span> <span class='ocrx_word' id='word_1_168' title='bbox 1002 2240 1177 2275; x_wconf 84' lang='lat' dir='ltr'>Scuviculo.</span> 
     </span>
    </p>
   </div>
   <div class='ocr_carea' id='block_1_16' title="bbox 385 2308 1168 2500">
    <p class='ocr_par' dir='ltr' id='par_1_17' title="bbox 385 2308 1168 2463">
     <span class='ocr_line' id='line_1_30' title="bbox 385 2308 1158 2366; baseline 0.025 -27"><span class='ocrx_word' id='word_1_169' title='bbox 385 2309 415 2341; x_wconf 87' lang='lat'>1.</span> <span class='ocrx_word' id='word_1_170' title='bbox 443 2308 568 2350; x_wconf 81' lang='lat' dir='ltr'>Gaude,</span> <span class='ocrx_word' id='word_1_171' title='bbox 596 2315 746 2348; x_wconf 86' lang='lat' dir='ltr'>caelestis</span> <span class='ocrx_word' id='word_1_172' title='bbox 774 2319 857 2359; x_wconf 81' lang='lat' dir='ltr'>regis</span> <span class='ocrx_word' id='word_1_173' title='bbox 884 2329 1003 2360; x_wconf 86' lang='lat' dir='ltr'>sponsa</span> <span class='ocrx_word' id='word_1_174' title='bbox 1028 2324 1158 2366; x_wconf 84' lang='lat' dir='ltr'>Christi,</span> 
     </span>
     <span class='ocr_line' id='line_1_31' title="bbox 443 2357 1077 2413; baseline 0.027 -25"><span class='ocrx_word' id='word_1_175' title='bbox 443 2357 506 2390; x_wconf 88' lang='lat' dir='ltr'>Per</span> <span class='ocrx_word' id='word_1_176' title='bbox 532 2366 667 2394; x_wconf 85' lang='lat' dir='ltr'>mortem</span> <span class='ocrx_word' id='word_1_177' title='bbox 695 2366 799 2397; x_wconf 84' lang='lat' dir='ltr'>crucis</span> <span class='ocrx_word' id='word_1_178' title='bbox 828 2369 977 2408; x_wconf 82' lang='lat' dir='ltr'>copulata</span> <span class='ocrx_word' id='word_1_179' title='bbox 1004 2372 1077 2413; x_wconf 86' lang='lat' dir='ltr'>sibi,</span> 
     </span>
     <span class='ocr_line' id='line_1_32' title="bbox 441 2406 1168 2463; baseline 0.026 -26"><span class='ocrx_word' id='word_1_180' title='bbox 441 2406 586 2440; x_wconf 90' lang='lat' dir='ltr'>Militum</span> <span class='ocrx_word' id='word_1_181' title='bbox 614 2410 734 2444; x_wconf 87' lang='lat' dir='ltr'>Christi</span> <span class='ocrx_word' id='word_1_182' title='bbox 762 2415 882 2454; x_wconf 84' lang='lat' dir='ltr'>plaude</span> <span class='ocrx_word' id='word_1_183' title='bbox 909 2427 969 2458; x_wconf 88' lang='lat' dir='ltr'>pro</span> <span class='ocrx_word' id='word_1_184' title='bbox 997 2422 1168 2463; x_wconf 86' lang='lat' dir='ltr'>triumphis</span> 
     </span>
    </p>

    <p class='ocr_par' dir='ltr' id='par_1_18' title="bbox 585 2455 858 2500">
     <span class='ocr_line' id='line_1_33' title="bbox 585 2455 858 2500; baseline 0.029 -11"><span class='ocrx_word' id='word_1_185' title='bbox 585 2455 694 2500; x_wconf 78' lang='lat' dir='ltr'>Atque</span> <span class='ocrx_word' id='word_1_186' title='bbox 721 2465 858 2497; x_wconf 87' lang='lat' dir='ltr'>coronis.</span> 
     </span>
    </p>
   </div>
   <div class='ocr_carea' id='block_1_17' title="bbox 188 2518 1292 2571">
    <p class='ocr_par' dir='ltr' id='par_1_19' title="bbox 188 2518 1292 2571">
     <span class='ocr_line' id='line_1_34' title="bbox 188 2518 1292 2571; baseline 0.028 -31"><span class='ocrx_word' id='word_1_187' title='bbox 188 2518 330 2548; x_wconf 75' lang='lat' dir='ltr'>Dreves,</span> <span class='ocrx_word' id='word_1_188' title='bbox 349 2521 453 2552; x_wconf 82' lang='lat' dir='ltr'>Hymni</span> <span class='ocrx_word' id='word_1_189' title='bbox 472 2524 585 2550; x_wconf 74' lang='lat' dir='ltr'>lnediti.</span> <span class='ocrx_word' id='word_1_190' title='bbox 619 2528 680 2553; x_wconf 77' lang='lat' dir='ltr'>vu.</span> <span class='ocrx_word' id='word_1_191' title='bbox 1259 2542 1292 2571; x_wconf 82' lang='grc'>17</span> 
     </span>
    </p>
   </div>
  </div>
 </body>
</html>
