1653 2656
690 171 951 207 —129—

624 298 683 330 217.
725 300 767 332 De
791 307 900 338 sancto
922 307 1023 340 Erico.

656 370 708 397 Ad
737 372 973 405 Nocturnum.

147 440 178 474 1.
204 441 368 482 Hymnum
396 457 497 481 novae
523 452 667 488 laetitiae
843 466 875 496 4.
902 466 1059 505 Agnellus
1085 471 1288 508 innocentiae

204 489 297 523 Nova
324 493 503 534 deposcunt
528 503 656 547 gaudia,
901 513 985 546 Dum
1013 519 1150 551 sustinet
1178 526 1377 566 martyrium,

204 537 333 580 Martyr
358 543 475 576 Ericus
503 547 599 582 hodie
899 561 967 595 Deo
993 565 1150 604 placentis
1179 570 1301 604 hostiae

202 585 294 619 Nova
322 591 444 628 potitur
470 595 583 634 gloria,
898 610 1103 646 Consummat
1130 619 1334 655 sacrificium.

139 683 170 715 2.
199 683 261 715 Hic
287 690 321 717 ut
349 688 440 722 Elias
467 692 597 733 impiam
835 707 866 739 5.
896 706 1005 740 Sancti
1032 718 1158 745 sacrato
1185 718 1339 756 sanguine

196 730 372 772 Exponens
398 747 432 769 se
460 744 627 776 certamini
895 754 958 787 Sua
985 760 1173 800 contingens
1202 764 1320 798 lumina

195 779 368 822 Expugnat
392 786 589 831 idolatriam,
896 802 959 835 Diu
987 807 1114 845 privata
1142 810 1260 844 lumine

195 828 311 862 Zelans
338 843 398 873 pro
424 835 494 877 lege
523 839 661 875 Domini.
890 851 1096 887 Illuminatur
1122 856 1250 893 femina.

131 925 164 958 3.
191 924 372 962 Ecclesiam
400 933 590 968 catholicam
829 946 859 979 6.
891 948 952 979 Per
979 950 1069 982 huius
1097 956 1200 986 sancti
1229 959 1342 990 merita

190 973 316 1007 Dilatat
342 983 469 1018 gentem
498 982 678 1018 Finnonum
887 995 971 1035 Iesu⁷
1001 999 1186 1040 redemptor
1211 1009 1359 1049 omnium,

188 1021 257 1054 Rex
281 1025 326 1065 *ad
353 1026 450 1060 fidem
478 1030 669 1066 dominicam
888 1043 1021 1076 Dimitte
1050 1049 1140 1080 nobis
1168 1051 1277 1084 debita

185 1069 331 1104 Trahens
358 1085 376 1106 a
404 1077 491 1109 cultu
519 1079 719 1117 daemonum.
885 1090 926 1121 Et
956 1093 995 1124 da
1023 1104 1164 1133 perenne
1191 1102 1351 1139 gaudium.

202 1166 329 1204 Legend.
353 1180 405 1197 ms.
428 1173 582 1203 Laurentii
606 1179 718 1207 Odonis
735 1182 896 1220 Lincopen.
914 1196 988 1215 saec.
1009 1188 1078 1216 wia.
1097 1193 1167 1219 (und.
1185 1195 1324 1224 Dresden.
1342 1200 1365 1225 Α
1385 1198 1447 1228 152.

120 1203 154 1230 A.
176 1221 209 1224 —
234 1208 301 1234 Ant.
331 1213 359 1236 et
388 1211 486 1246 hymn.
510 1224 560 1240 ms.
585 1216 729 1247 Scarense
756 1230 832 1250 saec.
858 1223 900 1251 14.
928 1224 969 1260 [et
993 1226 1048 1264 15]¹
1074 1231 1144 1258 cod.
1169 1234 1309 1268 Upsalcu.
1333 1238 1355 1265 C
1375 1237 1441 1267 423.

118 1242 152 1269 B.
182 1258 218 1262 —
246 1246 331 1274 Brev.
365 1250 531 1285 Upsalense
564 1256 633 1291 imp.
668 1258 805 1305 Holmiae
837 1261 918 1290 1496.
947 1266 977 1293 C.
1009 1281 1045 1286 -
1075 1270 1160 1297 Brev.
1190 1273 1347 1302 Arm-{ense
1380 1279 1447 1313 imp.

576 1457 637 1488 218.
679 1459 719 1490 De
743 1464 852 1493 sancto
874 1463 975 1496 Erico.

658 1529 709 1557 Ad
735 1531 890 1561 Laudes.

112 1602 141 1637 1.
170 1604 300 1638 Laudes
325 1609 366 1640 ad
393 1610 507 1644 laudes
531 1614 663 1657 iungite,
807 1624 838 1655 4.
869 1623 978 1657 Novus
1005 1627 1111 1660 David
1139 1630 1277 1665 viriliter

170 1652 238 1684 Nec
266 1655 350 1688 desit
374 1658 443 1690 laus
471 1661 503 1693 in
530 1663 681 1698 laudibus
864 1673 984 1713 Agens,
1009 1676 1082 1708 (lum
1110 1681 1229 1712 mundo
1257 1685 1400 1728 moritur,

168 1701 232 1734 Pro
257 1713 340 1736 novo
367 1707 488 1740 Christi
515 1712 616 1744 milite
864 1720 1014 1755 Sanctam
1043 1725 1116 1758 Sion
1146 1727 1286 1762 feliciter

166 1750 253 1784 Caeli
282 1754 451 1788 coniuncto
479 1759 612 1794 civibus.
863 1769 1067 1811 Regnaturus
1093 1775 1285 1816 ingreditur.

100 1847 131 1880 2.
160 1848 336 1883 Obsidetur
361 1853 402 1885 ab
430 1855 575 1889 hostibus
796 1867 827 1898 5.
859 1868 969 1900 Victor
996 1880 1134 1911 regnans
1163 1875 1193 1906 in
1222 1877 1364 1921 aethere,

159 1898 367 1933 Ascensionis
394 1905 539 1944 tempore
856 1916 984 1957 Magnis
1013 1918 1138 1961 fulgens
1166 1924 1340 1967 miraculis,

157 1945 294 1980 Sanctus
320 1949 438 1984 Ericus
465 1953 616 1988 laudibus
853 1964 938 1998 Miro
967 1968 1121 2002 virtutum
1150 1981 1281 2006 munere

153 1994 216 2026 Dei
242 2006 361 2031 vacans
387 2009 600 2044 summopere.
853 2013 967 2046 Multis
994 2020 1153 2051 succurrit
1179 2023 1319 2062 populis

92 2091 124 2125 3.
153 2091 288 2127 Crucem
315 2097 377 2129 sibi
405 2099 598 2134 dominicam
789 2111 820 2142 6.
849 2110 914 2142 Per
941 2112 1034 2146 huius
1060 2118 1163 2148 sancti
1190 2120 1314 2159 merita,

149 2141 219 2174 Rex
247 2144 436 2185 imprimens
463 2150 639 2185 salubriter
847 2159 931 2198 Iesu,
960 2162 1147 2204 redemptor
1173 2168 1324 2210 omnium,

150 2189 245 2224 Vadit
265 2198 378 2228 contra
404 2198 584 2232 maleficam
850 2206 986 2241 Dimitte
1011 2211 1104 2244 nobis
1133 2213 1242 2247 debita

147 2237 318 2274 Catervam
345 2247 602 2286 magnanimiter.
847 2255 890 2287 Et
918 2257 961 2289 ‹la
984 2268 1126 2298 perenne
1153 2264 1314 2302 gaudium.

156 2336 288 2374 Legend.
310 2348 364 2366 ms.
388 2340 543 2370 Laurentii
566 2345 679 2373 Odonis
695 2347 860 2384 Lincopen.
876 2359 952 2379 saec.
974 2351 1045 2381 ¹⁴l15.
1062 2357 1132 2384 Cod.
1149 2358 1291 2387 Dresden.
1307 2362 1330 2388 A
1349 2361 1411 2392 182.

75 2373 110 2402 A.
131 2389 169 2392 —
190 2376 260 2404 Ant.
291 2380 320 2405 et
348 2377 448 2414 hymn.
479 2389 533 2409 ms.
557 2384 700 2413 Scarense
723 2395 801 2415 saec.
826 2387 869 2416 14.
892 2387 934 2425 [et
958 2390 1022 2429 15.].
1046 2395 1116 2422 eod.
1134 2396 1275 2432 Upsalen.
1292 2400 1323 2428 C.
1345 2400 1411 2431 422.

73 2413 108 2440 B.
137 2430 174 2433 —
201 2414 288 2442 Brev.
321 2417 490 2453 Upsalense
521 2422 590 2458 imp.
624 2423 764 2453 Holmiae
794 2425 875 2455 1496.
904 2429 935 2457 C.
965 2447 1002 2451 —
1029 2433 1114 2461 Brev.
1147 2435 1307 2467 Arosiense
1339 2442 1408 2478 imp.

72 2451 212 2480 Basilo-‘te
236 2452 319 2483 1513.
341 2456 378 2483 D.
400 2472 437 2476 -—-
460 2458 545 2487 BreV.
567 2461 727 2492 Lundense
758 2466 828 2502 imp.
850 2467 976 2497 Parisiis
1001 2470 1081 2500 1517.
1104 2474 1139 2501 E.
1165 2491 1199 2495 —
1221 2477 1286 2513 Vgl.
1308 2480 1407 2508 Klem-

71 2492 154 2528 ming
175 2492 198 2524 1,
220 2489 257 2520 98
278 2502 305 2520 u.
327 2494 346 2520 f.

130 2541 276 2571 Di-eves,
294 2543 399 2573 Hymni
416 2546 530 2570 Inediti.
562 2549 624 2573 vu.
1217 2563 1234 2592 9
