1653 2656
659 141 921 178 —147—

548 273 616 305 247.
657 274 700 306 De
723 275 832 306 sancto
854 274 1031 315 Fulgentio.

594 344 653 371 Ad.
677 345 782 381 Vesp.
805 348 841 372 et
862 346 967 373 Noct.

125 429 156 462 1.
183 427 345 471 Fulgenti,
374 434 500 471 martyr
525 431 647 473 inclite,
819 435 850 466 4.
879 433 1095 465 Utriculensis
1120 434 1275 466 ecclesiae

181 476 288 515 Salve,
315 478 412 511 laude
439 479 638 521 dignissime,
879 481 973 513 Clero
999 482 1127 513 volente
1153 488 1183 513 et
1211 483 1330 522 populo

180 525 381 558 Eximiorum
408 536 542 567 operum
879 530 1053 570 Sumpsisti
1080 539 1203 562 sacram
1231 529 1385 567 infulam3

182 573 228 606 Es
254 577 288 605 tu
312 583 443 607 consors
471 576 670 610 caelestium.
877 578 961 618 Ipsis
988 579 1070 609 assis
1096 578 1267 619 indigenis.

123 672 153 703 2.
181 670 314 702 Beatam
340 671 438 703 vitam
466 676 580 704 nactus
608 681 652 711 es,
820 676 852 706 5.
881 674 1001 707 Missus
1029 675 1068 706 de
1095 675 1184 706 caelo
1211 675 1341 706 veniens

181 718 264 750 Dum
293 728 365 751 eras
390 719 423 751 in
450 720 511 751 hoc
537 722 678 761 saeculo,
880 722 985 754 Multa
1012 732 1181 763 passurum
1208 723 1330 755 indicat

182 766 476 807 Contemplativam
502 769 637 809 scilicet,
879 772 906 802 A
935 770 1061 810 perfido
1087 776 1119 803 te
1146 771 1252 803 Totila

180 816 331 848 Activam
360 821 390 848 et
418 817 579 850 similiter.
878 817 1111 859 Consortatque
1138 820 1178 851 ad
1206 820 1359 860 praemia.

123 913 154 946 3.
181 913 413 953 Apostolorum
440 913 599 953 principis
818 916 849 946 6.
877 914 926 945 Tu
953 924 1068 954 nempe
1095 924 1207 946 munus
1234 916 1324 954 impii

180 961 217 992 ln
243 961 317 993 aula
343 961 562 993 subdiaconus
877 962 1100 1003 Sprevistique
1126 963 1297 1003 supplicia7

180 1009 229 1041 Tu
255 1013 462 1041 consecratus
490 1009 634 1041 crederis
877 1010 1062 1049 Sponderat
1087 1011 1142 1050 qui
1170 1010 1331 1052 ferociter,

180 1057 356 1098 Condignis
382 1059 446 1089 tuis
473 1058 608 1090 meritis,
878 1059 922 1091 Ut
948 1058 1110 1091 Christum
1139 1064 1172 1090 tu
1200 1059 1377 1092 desereres,

539 1155 568 1186 7.
599 1155 647 1187 Sit
673 1154 804 1188 Christo
831 1156 904 1187 Iesu
931 1155 1032 1195 gloria

597 1204 634 1236 In
661 1203 863 1235 saeculorum
890 1203 1029 1244 saecula,

594 1252 654 1292 Qui
682 1250 761 1283 facit
787 1252 869 1283 tanti
896 1252 1048 1291 martyris

597 1300 749 1332 Gaudere
774 1309 831 1332 nos
858 1300 1014 1340 reliquiis.

194 1395 280 1461 Bfflv.
302 1405 355 1423 ms.
378 1397 568 1423 Franciscan.
591 1396 754 1423 Otriculen.
775 1404 851 1423 saec.
877 1394 919 1423 14.
942 1397 981 1422 iu.
1004 1395 1075 1422 Cod.
1098 1396 1232 1422 Vatican.
1257 1393 1362 1423 10000.
1385 1395 1450 1422 add.

120 1443 194 1461 saec.
256 1443 291 1461 ιε.

540 1548 609 1579 248.
650 1547 693 1579 De
715 1548 825 1579 sancto
846 1547 1024 1587 Fulgentio.

668 1618 717 1645 Ad
739 1619 898 1646 Laudes.

124 1708 154 1742 1.
181 1707 272 1739 Tunc
298 1706 374 1747 poni
402 1710 433 1738 te
459 1707 491 1738 in
519 1706 644 1739 foveam
815 1709 846 1740 4.
877 1708 953 1739 Cum
981 1708 1037 1739 illa
1065 1707 1118 1739 vix
1145 1707 1283 1741 evanuit.

180 1755 272 1787 Fecit
299 1764 359 1796 per
386 1755 509 1788 Gothos
536 1755 652 1796 impios
878 1756 944 1787 Visi
973 1755 1103 1788 fuerunt
1130 1756 1233 1797 angeli

182 1804 317 1837 Caesam
345 1813 415 1836 cum
444 1804 534 1836 duris
561 1803 712 1846 fustibuS‚
876 1805 1032 1836 Ferentes
1059 1814 1149 1836 suam
1176 1805 1313 1837 animam

180 1853 352 1893 Mandans,
380 1861 420 1884 ne
446 1862 562 1893 panem
591 1853 736 1886 duceres.
877 1853 929 1885 Ad
956 1854 1062 1885 aulam
1090 1854 1157 1885 veri
1184 1853 1325 1885 luminis.

123 1951 155 1984 2.
183 1949 338 1983 Columba
364 1949 458 1981 nimis
485 1951 626 1982 candida
817 1954 848 1986 5.
877 1952 902 1984 Ο
929 1954 1055 1995 martyr
1081 1951 1277 1992 beatissime,

181 1998 231 2031 De
257 1999 348 2031 caelo
376 1999 465 2030 venit
490 1999 609 2038 subito,
879 2000 971 2032 Nunc
998 2003 1125 2031 nostras
1149 1997 1292 2042 [preces]
1314 1998 1452 2040 suscipe,

182 2047 355 2080 Occultans
381 2047 486 2080 locum
513 2048 684 2089 stantibus,
879 2049 942 2080 Pro
969 2048 1062 2080 uobis
1090 2048 1193 2079 Deum
1221 2047 1336 2087 rogita,

181 2096 324 2129 Caelitus
351 2100 400 2128 est
425 2105 488 2137 quo
515 2097 649 2138 positus.
876 2096 967 2137 Quod
996 2100 1109 2136 parcat
1136 2096 1229 2127 nobis
1257 2095 1402 2127 crimina.

122 2193 153 2227 3.
183 2193 256 2225 Non
282 2194 421 2234 videtur,
452 2203 513 2226 vox
541 2195 684 2232 auditur,
820 2196 852 2227 6.
881 2194 967 2225 Deus
995 2198 1090 2233 pater
1116 2193 1269 2233 piissime,

183 2243 279 2276 Stans
306 2247 431 2282 martyr
456 2243 544 2275 intra
570 2242 697 2275 foveam
879 2242 926 2274 Te
955 2242 1168 2282 deprecamur
1194 2241 1367 2281 supplices.

181 2291 348 2332 Oransque
374 2291 437 2323 sibi
463 2291 564 2323 tribui
879 2290 1043 2330 Fulgentii
1070 2288 1156 2330 quod
1184 2290 1334 2330 precibus

183 2340 281 2373 Vitae
307 2340 459 2381 perennis
486 2340 633 2380 gloriam.
883 2340 1059 2380 Purgemur
1082 2348 1101 2370 a
1128 2338 1325 2370 criminibus.

198 2437 285 2465 Brev.
308 2445 362 2464 ms.
379 2436 570 2464 Franciseau.
593 2436 757 2464 Otriculen.
779 2444 854 2463 saec.
879 2433 923 2462 14.
947 2436 986 2461 in.
1006 2435 1077 2463 Cod.
1097 2431 1234 2462 Vatican.
1260 2432 1365 2463 10000.
1388 2434 1454 2462 add.

121 2484 197 2504 saec.
220 2473 296 2504 ¹⁴l15.
318 2491 356 2495 —
377 2474 404 2508 5.
426 2474 446 2502 4
466 2476 551 2503 Lies:
574 2475 661 2509 Quod
682 2478 788 2512 purget
808 2480 911 2502 nostra
932 2475 1079 2501 crimina?

1219 2520 1279 2550 10*
