<?xml version="1.0" encoding="UTF-8"?>
<!DOCTYPE html PUBLIC "-//W3C//DTD XHTML 1.0 Transitional//EN"
    "http://www.w3.org/TR/xhtml1/DTD/xhtml1-transitional.dtd">
<html xmlns="http://www.w3.org/1999/xhtml" xml:lang="en" lang="en">
 <head>
  <title>
</title>
<meta http-equiv="Content-Type" content="text/html;charset=utf-8" />
  <meta name='ocr-system' content='tesseract 3.04.00' />
  <meta name='ocr-capabilities' content='ocr_page ocr_carea ocr_par ocr_line ocrx_word'/>
</head>
<body>
  <div class='ocr_page' id='page_1' title='image "./analectahymnica43drevuoft/analectahymnica43drevuoft_0281.png"; bbox 0 0 1653 2656; ppageno 0'>
   <div class='ocr_carea' id='block_1_1' title="bbox 687 135 944 170">
    <p class='ocr_par' dir='ltr' id='par_1_1' title="bbox 687 135 944 170">
     <span class='ocr_line' id='line_1_1' title="bbox 687 135 944 170; baseline -0.012 1"><span class='ocrx_word' id='word_1_1' title='bbox 687 135 944 170; x_wconf 86' lang='lat'>—278—</span> 
     </span>
    </p>
   </div>
   <div class='ocr_carea' id='block_1_2' title="bbox 543 228 1035 418">
    <p class='ocr_par' dir='ltr' id='par_1_2' title="bbox 543 228 1035 418">
     <span class='ocr_line' id='line_1_2' title="bbox 543 228 1029 272; baseline -0.023 -3"><span class='ocrx_word' id='word_1_2' title='bbox 543 240 574 269; x_wconf 83' lang='lat'>5.</span> <span class='ocrx_word' id='word_1_3' title='bbox 602 235 745 272; x_wconf 76' lang='lat' dir='ltr'>Praesta,</span> <span class='ocrx_word' id='word_1_4' title='bbox 771 232 866 264; x_wconf 89' lang='lat' dir='ltr'>beata</span> <span class='ocrx_word' id='word_1_5' title='bbox 891 228 1029 270; x_wconf 83' lang='lat' dir='ltr'>trinitas,</span> 
     </span>
     <span class='ocr_line' id='line_1_3' title="bbox 606 277 1001 316; baseline -0.018 -2"><span class='ocrx_word' id='word_1_6' title='bbox 606 284 666 315; x_wconf 87' lang='lat' dir='ltr'>Per</span> <span class='ocrx_word' id='word_1_7' title='bbox 691 283 825 313; x_wconf 86' lang='lat' dir='ltr'>istorum</span> <span class='ocrx_word' id='word_1_8' title='bbox 850 277 1001 316; x_wconf 81' lang='lat' dir='ltr'>suffragia</span> 
     </span>
     <span class='ocr_line' id='line_1_4' title="bbox 603 325 1035 366; baseline -0.016 -4"><span class='ocrx_word' id='word_1_9' title='bbox 603 330 704 362; x_wconf 84' lang='lat' dir='ltr'>Nobis</span> <span class='ocrx_word' id='word_1_10' title='bbox 732 337 864 360; x_wconf 84' lang='lat' dir='ltr'>coronas</span> <span class='ocrx_word' id='word_1_11' title='bbox 891 325 1035 366; x_wconf 83' lang='lat' dir='ltr'>perditas</span> 
     </span>
     <span class='ocr_line' id='line_1_5' title="bbox 606 374 1000 418; baseline -0.01 -9"><span class='ocrx_word' id='word_1_12' title='bbox 606 379 641 410; x_wconf 85' lang='lat' dir='ltr'>In</span> <span class='ocrx_word' id='word_1_13' title='bbox 668 377 864 418; x_wconf 85' lang='lat' dir='ltr'>sempiterna</span> <span class='ocrx_word' id='word_1_14' title='bbox 889 374 1000 414; x_wconf 84' lang='lat' dir='ltr'>gloria.</span> 
     </span>
    </p>
   </div>
   <div class='ocr_carea' id='block_1_3' title="bbox 246 453 914 495">
    <p class='ocr_par' dir='ltr' id='par_1_3' title="bbox 246 453 914 495">
     <span class='ocr_line' id='line_1_6' title="bbox 246 453 914 495; baseline -0.019 -1"><span class='ocrx_word' id='word_1_15' title='bbox 246 469 330 494; x_wconf 74' lang='lat' dir='ltr'>Brev.</span> <span class='ocrx_word' id='word_1_16' title='bbox 354 465 572 490; x_wconf 62' lang='lat' dir='ltr'>silvanectense</span> <span class='ocrx_word' id='word_1_17' title='bbox 595 463 662 495; x_wconf 87' lang='lat' dir='ltr'>imp.</span> <span class='ocrx_word' id='word_1_18' title='bbox 684 458 808 485; x_wconf 76' lang='lat' dir='ltr'>Parisiis</span> <span class='ocrx_word' id='word_1_19' title='bbox 833 453 914 482; x_wconf 83' lang='lat'><strong>1521.</strong></span> 
     </span>
    </p>
   </div>
   <div class='ocr_carea' id='block_1_4' title="bbox 390 562 1255 650">
    <p class='ocr_par' dir='ltr' id='par_1_4' title="bbox 390 562 1255 650">
     <span class='ocr_line' id='line_1_7' title="bbox 390 562 1255 606; baseline -0.015 0"><span class='ocrx_word' id='word_1_20' title='bbox 390 576 453 606; x_wconf 74' lang='lat'><strong>465.</strong></span> <span class='ocrx_word' id='word_1_21' title='bbox 496 574 528 604; x_wconf 84' lang='lat' dir='ltr'>In</span> <span class='ocrx_word' id='word_1_22' title='bbox 551 570 770 603; x_wconf 82' lang='lat' dir='ltr'>Translatione</span> <span class='ocrx_word' id='word_1_23' title='bbox 792 577 832 600; x_wconf 85' lang='lat' dir='ltr'>ss.</span> <span class='ocrx_word' id='word_1_24' title='bbox 857 565 1074 606; x_wconf 82' lang='lat' dir='ltr'>Reliquiarum</span> <span class='ocrx_word' id='word_1_25' title='bbox 1095 562 1255 595; x_wconf 75' lang='lat' dir='ltr'>Ecclesiae</span> 
     </span>
     <span class='ocr_line' id='line_1_8' title="bbox 568 612 1078 650; baseline -0.014 0"><span class='ocrx_word' id='word_1_26' title='bbox 568 622 595 650; x_wconf 81' lang='lat' dir='ltr'>S.</span> <span class='ocrx_word' id='word_1_27' title='bbox 619 617 797 650; x_wconf 82' lang='lat' dir='ltr'>Frambaldi</span> <span class='ocrx_word' id='word_1_28' title='bbox 819 612 1078 647; x_wconf 78' lang='lat' dir='ltr'>Silvanectensis.</span> 
     </span>
    </p>
   </div>
   <div class='ocr_carea' id='block_1_5' title="bbox 709 676 937 704">
    <p class='ocr_par' dir='ltr' id='par_1_5' title="bbox 709 676 937 704">
     <span class='ocr_line' id='line_1_9' title="bbox 709 676 937 704; baseline -0.009 0"><span class='ocrx_word' id='word_1_29' title='bbox 709 678 757 704; x_wconf 78' lang='lat' dir='ltr'>Ad</span> <span class='ocrx_word' id='word_1_30' title='bbox 784 676 937 704; x_wconf 79' lang='lat' dir='ltr'><strong>Laudes.</strong></span> 
     </span>
    </p>
   </div>
   <div class='ocr_carea' id='block_1_6' title="bbox 194 749 708 929">
    <p class='ocr_par' dir='ltr' id='par_1_6' title="bbox 194 749 708 929">
     <span class='ocr_line' id='line_1_10' title="bbox 194 749 641 790; baseline -0.022 -1"><span class='ocrx_word' id='word_1_31' title='bbox 194 785 199 790; x_wconf 90' lang='lat'><strong>.</strong></span> <span class='ocrx_word' id='word_1_32' title='bbox 226 756 329 787; x_wconf 85' lang='lat' dir='ltr'>Voces</span> <span class='ocrx_word' id='word_1_33' title='bbox 355 752 480 784; x_wconf 86' lang='lat' dir='ltr'>attollat</span> <span class='ocrx_word' id='word_1_34' title='bbox 506 749 641 790; x_wconf 88' lang='lat' dir='ltr'>populus</span> 
     </span>
     <span class='ocr_line' id='line_1_11' title="bbox 227 797 680 837; baseline -0.018 -3"><span class='ocrx_word' id='word_1_35' title='bbox 227 802 346 834; x_wconf 86' lang='lat' dir='ltr'>Laudis</span> <span class='ocrx_word' id='word_1_36' title='bbox 372 801 431 831; x_wconf 88' lang='lat' dir='ltr'>hac</span> <span class='ocrx_word' id='word_1_37' title='bbox 458 799 509 830; x_wconf 88' lang='lat' dir='ltr'>die</span> <span class='ocrx_word' id='word_1_38' title='bbox 535 797 680 837; x_wconf 88' lang='lat' dir='ltr'>celebris,</span> 
     </span>
     <span class='ocr_line' id='line_1_12' title="bbox 228 846 595 882; baseline -0.019 0"><span class='ocrx_word' id='word_1_39' title='bbox 228 851 323 882; x_wconf 85' lang='lat' dir='ltr'>Cuius</span> <span class='ocrx_word' id='word_1_40' title='bbox 349 848 459 880; x_wconf 85' lang='lat' dir='ltr'>salutis</span> <span class='ocrx_word' id='word_1_41' title='bbox 486 846 595 876; x_wconf 87' lang='lat' dir='ltr'>titulus</span> 
     </span>
     <span class='ocr_line' id='line_1_13' title="bbox 231 892 708 929; baseline -0.013 1"><span class='ocrx_word' id='word_1_42' title='bbox 231 898 337 929; x_wconf 74' lang='lat' dir='ltr'>Clare-t</span> <span class='ocrx_word' id='word_1_43' title='bbox 363 897 394 927; x_wconf 92' lang='lat' dir='ltr'>in</span> <span class='ocrx_word' id='word_1_44' title='bbox 420 894 530 925; x_wconf 89' lang='lat' dir='ltr'>mundi</span> <span class='ocrx_word' id='word_1_45' title='bbox 555 892 708 924; x_wconf 80' lang='lat' dir='ltr'>tenebris,</span> 
     </span>
    </p>
   </div>
   <div class='ocr_carea' id='block_1_7' title="bbox 197 969 710 1150">
    <p class='ocr_par' dir='ltr' id='par_1_7' title="bbox 197 969 710 1150">
     <span class='ocr_line' id='line_1_14' title="bbox 197 969 673 1009; baseline -0.023 0"><span class='ocrx_word' id='word_1_46' title='bbox 197 1003 202 1009; x_wconf 91' lang='lat'><strong>.</strong></span> <span class='ocrx_word' id='word_1_47' title='bbox 230 973 339 1007; x_wconf 80' lang='lat' dir='ltr'>Sancti</span> <span class='ocrx_word' id='word_1_48' title='bbox 366 971 529 1003; x_wconf 86' lang='lat' dir='ltr'>doctrinae</span> <span class='ocrx_word' id='word_1_49' title='bbox 554 969 673 1000; x_wconf 88' lang='lat' dir='ltr'>lumine</span> 
     </span>
     <span class='ocr_line' id='line_1_15' title="bbox 231 1016 710 1056; baseline -0.017 -2"><span class='ocrx_word' id='word_1_50' title='bbox 231 1022 351 1054; x_wconf 84' lang='lat' dir='ltr'>Caecos</span> <span class='ocrx_word' id='word_1_51' title='bbox 376 1020 537 1050; x_wconf 84' lang='lat' dir='ltr'>illustrant</span> <span class='ocrx_word' id='word_1_52' title='bbox 564 1016 710 1056; x_wconf 78' lang='lat' dir='ltr'>populos,</span> 
     </span>
     <span class='ocr_line' id='line_1_16' title="bbox 231 1065 678 1107; baseline -0.018 -6"><span class='ocrx_word' id='word_1_53' title='bbox 231 1070 279 1101; x_wconf 85' lang='lat' dir='ltr'>De</span> <span class='ocrx_word' id='word_1_54' title='bbox 305 1077 418 1107; x_wconf 84' lang='lat' dir='ltr'>sparso</span> <span class='ocrx_word' id='word_1_55' title='bbox 444 1065 534 1097; x_wconf 87' lang='lat' dir='ltr'>verbi</span> <span class='ocrx_word' id='word_1_56' title='bbox 559 1065 678 1095; x_wconf 81' lang='lat' dir='ltr'>semine</span> 
     </span>
     <span class='ocr_line' id='line_1_17' title="bbox 234 1112 710 1150; baseline -0.015 -2"><span class='ocrx_word' id='word_1_57' title='bbox 234 1117 349 1148; x_wconf 89' lang='lat' dir='ltr'>Plenos</span> <span class='ocrx_word' id='word_1_58' title='bbox 374 1118 495 1145; x_wconf 88' lang='lat' dir='ltr'>metunt</span> <span class='ocrx_word' id='word_1_59' title='bbox 523 1112 710 1150; x_wconf 88' lang='lat' dir='ltr'>manipulos.</span> 
     </span>
    </p>
   </div>
   <div class='ocr_carea' id='block_1_8' title="bbox 854 736 1472 781">
    <p class='ocr_par' dir='ltr' id='par_1_8' title="bbox 854 736 1472 781">
     <span class='ocr_line' id='line_1_18' title="bbox 854 736 1472 781; baseline -0.018 -4"><span class='ocrx_word' id='word_1_60' title='bbox 854 748 885 777; x_wconf 70' lang='lat'>53.</span> <span class='ocrx_word' id='word_1_61' title='bbox 914 744 966 779; x_wconf 79' lang='lat' dir='ltr'>Hi.</span> <span class='ocrx_word' id='word_1_62' title='bbox 996 744 1068 774; x_wconf 82' lang='lat' dir='ltr'>dum</span> <span class='ocrx_word' id='word_1_63' title='bbox 1097 743 1251 781; x_wconf 82' lang='lat' dir='ltr'>praesunt</span> <span class='ocrx_word' id='word_1_64' title='bbox 1276 736 1472 772; x_wconf 77' lang='lat' dir='ltr'>hominibus,</span> 
     </span>
    </p>
   </div>
   <div class='ocr_carea' id='block_1_9' title="bbox 913 786 1400 919">
    <p class='ocr_par' dir='ltr' id='par_1_9' title="bbox 913 786 1400 919">
     <span class='ocr_line' id='line_1_19' title="bbox 913 786 1399 832; baseline -0.016 -8"><span class='ocrx_word' id='word_1_65' title='bbox 913 792 1049 824; x_wconf 83' lang='lat' dir='ltr'>Student</span> <span class='ocrx_word' id='word_1_66' title='bbox 1076 789 1229 832; x_wconf 74' lang='lat' dir='ltr'>prodesse</span> <span class='ocrx_word' id='word_1_67' title='bbox 1255 786 1399 825; x_wconf 74' lang='lat' dir='ltr'>singulis,</span> 
     </span>
     <span class='ocr_line' id='line_1_20' title="bbox 915 834 1400 877; baseline -0.016 -5"><span class='ocrx_word' id='word_1_68' title='bbox 915 840 1024 872; x_wconf 84' lang='lat' dir='ltr'>Verba</span> <span class='ocrx_word' id='word_1_69' title='bbox 1051 838 1211 877; x_wconf 90' lang='lat' dir='ltr'>complent</span> <span class='ocrx_word' id='word_1_70' title='bbox 1238 834 1400 875; x_wconf 80' lang='lat' dir='ltr'>operibus,</span> 
     </span>
     <span class='ocr_line' id='line_1_21' title="bbox 916 884 1321 919; baseline -0.015 0"><span class='ocrx_word' id='word_1_71' title='bbox 916 889 989 919; x_wconf 89' lang='lat' dir='ltr'>Vita</span> <span class='ocrx_word' id='word_1_72' title='bbox 1017 887 1118 918; x_wconf 86' lang='lat' dir='ltr'>claret</span> <span class='ocrx_word' id='word_1_73' title='bbox 1145 884 1321 916; x_wconf 86' lang='lat' dir='ltr'>miraculis.</span> 
     </span>
    </p>
   </div>
   <div class='ocr_carea' id='block_1_10' title="bbox 884 961 1314 998">
    <p class='ocr_par' dir='ltr' id='par_1_10' title="bbox 884 961 1314 998">
     <span class='ocr_line' id='line_1_22' title="bbox 884 961 1314 998; baseline -0.016 0"><span class='ocrx_word' id='word_1_74' title='bbox 884 993 889 998; x_wconf 94' lang='lat'><strong>.</strong></span> <span class='ocrx_word' id='word_1_75' title='bbox 919 965 1032 997; x_wconf 86' lang='lat' dir='ltr'>Mundi</span> <span class='ocrx_word' id='word_1_76' title='bbox 1060 972 1157 995; x_wconf 84' lang='lat' dir='ltr'>vanas</span> <span class='ocrx_word' id='word_1_77' title='bbox 1185 961 1314 993; x_wconf 86' lang='lat' dir='ltr'>divitias</span> 
     </span>
    </p>
   </div>
   <div class='ocr_carea' id='block_1_11' title="bbox 919 1010 1400 1147">
    <p class='ocr_par' dir='ltr' id='par_1_11' title="bbox 919 1010 1400 1147">
     <span class='ocr_line' id='line_1_23' title="bbox 920 1010 1398 1051; baseline -0.015 -7"><span class='ocrx_word' id='word_1_78' title='bbox 920 1013 1060 1051; x_wconf 80' lang='lat' dir='ltr'>Reginae</span> <span class='ocrx_word' id='word_1_79' title='bbox 1086 1014 1215 1042; x_wconf 86' lang='lat' dir='ltr'>sanctae</span> <span class='ocrx_word' id='word_1_80' title='bbox 1241 1010 1398 1047; x_wconf 88' lang='lat' dir='ltr'>respuunt</span> 
     </span>
     <span class='ocr_line' id='line_1_24' title="bbox 921 1056 1343 1099; baseline -0.012 -8"><span class='ocrx_word' id='word_1_81' title='bbox 921 1062 1058 1099; x_wconf 84' lang='lat' dir='ltr'>Propter</span> <span class='ocrx_word' id='word_1_82' title='bbox 1083 1058 1173 1098; x_wconf 82' lang='lat' dir='ltr'>regni</span> <span class='ocrx_word' id='word_1_83' title='bbox 1200 1056 1343 1096; x_wconf 80' lang='lat' dir='ltr'>delicias,</span> 
     </span>
     <span class='ocr_line' id='line_1_25' title="bbox 919 1102 1400 1147; baseline -0.008 -8"><span class='ocrx_word' id='word_1_84' title='bbox 919 1108 1039 1147; x_wconf 79' lang='lat' dir='ltr'>Quibus</span> <span class='ocrx_word' id='word_1_85' title='bbox 1065 1108 1097 1138; x_wconf 91' lang='lat' dir='ltr'>in</span> <span class='ocrx_word' id='word_1_86' title='bbox 1123 1106 1220 1138; x_wconf 85' lang='lat' dir='ltr'>caelis</span> <span class='ocrx_word' id='word_1_87' title='bbox 1244 1102 1400 1136; x_wconf 87' lang='lat' dir='ltr'>adfluunt.</span> 
     </span>
    </p>
   </div>
   <div class='ocr_carea' id='block_1_12' title="bbox 553 1185 1042 1369">
    <p class='ocr_par' dir='ltr' id='par_1_12' title="bbox 553 1185 1042 1369">
     <span class='ocr_line' id='line_1_26' title="bbox 553 1185 1040 1225; baseline -0.01 -5"><span class='ocrx_word' id='word_1_88' title='bbox 553 1191 584 1222; x_wconf 85' lang='lat'>5.</span> <span class='ocrx_word' id='word_1_89' title='bbox 612 1189 753 1223; x_wconf 75' lang='lat' dir='ltr'>Praesta,</span> <span class='ocrx_word' id='word_1_90' title='bbox 783 1186 876 1217; x_wconf 85' lang='lat' dir='ltr'>beata</span> <span class='ocrx_word' id='word_1_91' title='bbox 902 1185 1040 1225; x_wconf 83' lang='lat' dir='ltr'>trinitas,</span> 
     </span>
     <span class='ocr_line' id='line_1_27' title="bbox 613 1233 1007 1272; baseline -0.008 -6"><span class='ocrx_word' id='word_1_92' title='bbox 613 1236 673 1266; x_wconf 92' lang='lat' dir='ltr'>Per</span> <span class='ocrx_word' id='word_1_93' title='bbox 698 1236 829 1266; x_wconf 87' lang='lat' dir='ltr'>istorum</span> <span class='ocrx_word' id='word_1_94' title='bbox 857 1233 1007 1272; x_wconf 83' lang='lat' dir='ltr'>suffragia</span> 
     </span>
     <span class='ocr_line' id='line_1_28' title="bbox 613 1281 1042 1320; baseline -0.012 -6"><span class='ocrx_word' id='word_1_95' title='bbox 613 1283 712 1314; x_wconf 76' lang='lat' dir='ltr'>Nobis</span> <span class='ocrx_word' id='word_1_96' title='bbox 740 1291 872 1313; x_wconf 88' lang='lat' dir='ltr'>coronas</span> <span class='ocrx_word' id='word_1_97' title='bbox 898 1281 1042 1320; x_wconf 88' lang='lat' dir='ltr'>perditas</span> 
     </span>
     <span class='ocr_line' id='line_1_29' title="bbox 612 1328 1032 1369; baseline -0.005 -6"><span class='ocrx_word' id='word_1_98' title='bbox 612 1332 647 1363; x_wconf 91' lang='lat' dir='ltr'>In</span> <span class='ocrx_word' id='word_1_99' title='bbox 676 1330 871 1369; x_wconf 86' lang='lat' dir='ltr'>sempiterna</span> <span class='ocrx_word' id='word_1_100' title='bbox 895 1328 1032 1361; x_wconf 87' lang='lat' dir='ltr'>saecula.</span> 
     </span>
    </p>
   </div>
   <div class='ocr_carea' id='block_1_13' title="bbox 253 1404 920 1442">
    <p class='ocr_par' dir='ltr' id='par_1_13' title="bbox 253 1404 920 1442">
     <span class='ocr_line' id='line_1_30' title="bbox 253 1404 920 1442; baseline -0.012 -4"><span class='ocrx_word' id='word_1_101' title='bbox 253 1413 337 1439; x_wconf 83' lang='lat' dir='ltr'>Brev.</span> <span class='ocrx_word' id='word_1_102' title='bbox 360 1410 579 1437; x_wconf 68' lang='lat' dir='ltr'>silvanectense</span> <span class='ocrx_word' id='word_1_103' title='bbox 602 1408 668 1442; x_wconf 88' lang='lat' dir='ltr'>imp.</span> <span class='ocrx_word' id='word_1_104' title='bbox 693 1407 815 1433; x_wconf 71' lang='lat' dir='ltr'>Parisiis</span> <span class='ocrx_word' id='word_1_105' title='bbox 840 1404 920 1431; x_wconf 83' lang='lat'><strong>1521.</strong></span> 
     </span>
    </p>
   </div>
   <div class='ocr_carea' id='block_1_14' title="bbox 602 1517 1071 1612">
    <p class='ocr_par' dir='ltr' id='par_1_14' title="bbox 602 1517 1071 1612">
     <span class='ocr_line' id='line_1_31' title="bbox 602 1517 1071 1556; baseline -0.006 -7"><span class='ocrx_word' id='word_1_106' title='bbox 602 1520 668 1549; x_wconf 77' lang='lat'><strong>466.</strong></span> <span class='ocrx_word' id='word_1_107' title='bbox 711 1519 750 1548; x_wconf 74' lang='lat' dir='ltr'>lle</span> <span class='ocrx_word' id='word_1_108' title='bbox 773 1520 882 1549; x_wconf 86' lang='lat' dir='ltr'>sancta</span> <span class='ocrx_word' id='word_1_109' title='bbox 903 1517 1071 1556; x_wconf 72' lang='lat' dir='ltr'>Reparata.</span> 
     </span>
     <span class='ocr_line' id='line_1_32' title="bbox 693 1578 964 1612; baseline -0.007 -7"><span class='ocrx_word' id='word_1_110' title='bbox 693 1579 741 1605; x_wconf 82' lang='lat' dir='ltr'>Ad</span> <span class='ocrx_word' id='word_1_111' title='bbox 768 1578 964 1612; x_wconf 73' lang='lat' dir='ltr'>vesperas.</span> 
     </span>
    </p>
   </div>
   <div class='ocr_carea' id='block_1_15' title="bbox 206 1649 803 1834">
    <p class='ocr_par' dir='ltr' id='par_1_15' title="bbox 206 1649 803 1834">
     <span class='ocr_line' id='line_1_33' title="bbox 206 1649 719 1687; baseline -0.012 -4"><span class='ocrx_word' id='word_1_112' title='bbox 206 1680 210 1684; x_wconf 85' lang='lat'><strong>.</strong></span> <span class='ocrx_word' id='word_1_113' title='bbox 240 1652 275 1683; x_wconf 90' lang='lat' dir='ltr'>In</span> <span class='ocrx_word' id='word_1_114' title='bbox 302 1650 423 1687; x_wconf 89' lang='lat' dir='ltr'>titulos,</span> <span class='ocrx_word' id='word_1_115' title='bbox 450 1649 622 1687; x_wconf 75' lang='lat' dir='ltr'>Reparata,</span> <span class='ocrx_word' id='word_1_116' title='bbox 650 1652 719 1677; x_wconf 90' lang='lat' dir='ltr'>tuos</span> 
     </span>
     <span class='ocr_line' id='line_1_34' title="bbox 240 1694 803 1732; baseline -0.012 -1"><span class='ocrx_word' id='word_1_117' title='bbox 240 1700 396 1732; x_wconf 86' lang='lat' dir='ltr'>Personat</span> <span class='ocrx_word' id='word_1_118' title='bbox 420 1698 481 1728; x_wconf 87' lang='lat' dir='ltr'>iste</span> <span class='ocrx_word' id='word_1_119' title='bbox 508 1696 622 1726; x_wconf 81' lang='lat' dir='ltr'>chorus</span> <span class='ocrx_word' id='word_1_120' title='bbox 650 1694 803 1730; x_wconf 76' lang='lat' dir='ltr'>modulos,</span> 
     </span>
     <span class='ocr_line' id='line_1_35' title="bbox 240 1742 741 1778; baseline -0.014 0"><span class='ocrx_word' id='word_1_121' title='bbox 240 1747 319 1778; x_wconf 83' lang='lat' dir='ltr'>Cum</span> <span class='ocrx_word' id='word_1_122' title='bbox 345 1745 457 1776; x_wconf 86' lang='lat' dir='ltr'>tribuit</span> <span class='ocrx_word' id='word_1_123' title='bbox 485 1745 546 1776; x_wconf 90' lang='lat' dir='ltr'>duo</span> <span class='ocrx_word' id='word_1_124' title='bbox 572 1747 657 1774; x_wconf 81' lang='lat' dir='ltr'>serta</span> <span class='ocrx_word' id='word_1_125' title='bbox 683 1742 741 1772; x_wconf 87' lang='lat' dir='ltr'>tibi</span> 
     </span>
     <span class='ocr_line' id='line_1_36' title="bbox 239 1789 792 1834; baseline -0.007 -8"><span class='ocrx_word' id='word_1_126' title='bbox 239 1794 380 1834; x_wconf 90' lang='lat' dir='ltr'>Sponsus</span> <span class='ocrx_word' id='word_1_127' title='bbox 407 1801 504 1824; x_wconf 87' lang='lat' dir='ltr'>ovans</span> <span class='ocrx_word' id='word_1_128' title='bbox 532 1791 694 1830; x_wconf 78' lang='lat' dir='ltr'>sociatque</span> <span class='ocrx_word' id='word_1_129' title='bbox 720 1789 792 1822; x_wconf 91' lang='lat' dir='ltr'>sibi.</span> 
     </span>
    </p>
   </div>
   <div class='ocr_carea' id='block_1_16' title="bbox 205 1865 782 2053">
    <p class='ocr_par' dir='ltr' id='par_1_16' title="bbox 205 1865 782 2053">
     <span class='ocr_line' id='line_1_37' title="bbox 205 1865 782 1909; baseline -0.014 -6"><span class='ocrx_word' id='word_1_130' title='bbox 205 1896 212 1903; x_wconf 93' lang='lat'><strong>.</strong></span> <span class='ocrx_word' id='word_1_131' title='bbox 239 1871 335 1904; x_wconf 83' lang='lat' dir='ltr'>Clara</span> <span class='ocrx_word' id='word_1_132' title='bbox 360 1878 513 1909; x_wconf 80' lang='lat' dir='ltr'>propago.</span> <span class='ocrx_word' id='word_1_133' title='bbox 542 1868 657 1898; x_wconf 89' lang='lat' dir='ltr'>decens</span> <span class='ocrx_word' id='word_1_134' title='bbox 685 1865 782 1897; x_wconf 86' lang='lat' dir='ltr'>facies</span> 
     </span>
     <span class='ocr_line' id='line_1_38' title="bbox 239 1915 724 1954; baseline -0.012 -4"><span class='ocrx_word' id='word_1_135' title='bbox 239 1917 416 1950; x_wconf 79' lang='lat' dir='ltr'>schematis</span> <span class='ocrx_word' id='word_1_136' title='bbox 441 1917 581 1947; x_wconf 91' lang='lat' dir='ltr'>insinuat</span> <span class='ocrx_word' id='word_1_137' title='bbox 607 1915 724 1954; x_wconf 73' lang='lat' dir='ltr'>apices⁷</span> 
     </span>
     <span class='ocr_line' id='line_1_39' title="bbox 238 1964 702 2004; baseline -0.013 -6"><span class='ocrx_word' id='word_1_138' title='bbox 238 1967 302 1998; x_wconf 83' lang='lat' dir='ltr'>Sed</span> <span class='ocrx_word' id='word_1_139' title='bbox 327 1965 402 1997; x_wconf 90' lang='lat' dir='ltr'>fidei</span> <span class='ocrx_word' id='word_1_140' title='bbox 428 1964 482 2004; x_wconf 86' lang='lat' dir='ltr'>pia</span> <span class='ocrx_word' id='word_1_141' title='bbox 507 1964 573 1995; x_wconf 79' lang='lat' dir='ltr'>vita</span> <span class='ocrx_word' id='word_1_142' title='bbox 599 1971 702 1994; x_wconf 86' lang='lat' dir='ltr'>comes</span> 
     </span>
     <span class='ocr_line' id='line_1_40' title="bbox 241 2011 769 2053; baseline -0.011 -7"><span class='ocrx_word' id='word_1_143' title='bbox 241 2014 434 2053; x_wconf 86' lang='lat' dir='ltr'>Praecipuas</span> <span class='ocrx_word' id='word_1_144' title='bbox 461 2011 547 2043; x_wconf 84' lang='lat' dir='ltr'>fovet</span> <span class='ocrx_word' id='word_1_145' title='bbox 573 2011 656 2042; x_wconf 86' lang='lat' dir='ltr'>intus</span> <span class='ocrx_word' id='word_1_146' title='bbox 682 2018 769 2049; x_wconf 86' lang='lat' dir='ltr'>opes.</span> 
     </span>
    </p>
   </div>
   <div class='ocr_carea' id='block_1_17' title="bbox 207 2133 809 2322">
    <p class='ocr_par' dir='ltr' id='par_1_17' title="bbox 207 2133 809 2322">
     <span class='ocr_line' id='line_1_41' title="bbox 207 2133 765 2178; baseline -0.011 -8"><span class='ocrx_word' id='word_1_147' title='bbox 207 2164 212 2170; x_wconf 86' lang='lat'><strong>.</strong></span> <span class='ocrx_word' id='word_1_148' title='bbox 241 2139 362 2178; x_wconf 89' lang='lat' dir='ltr'>Impius</span> <span class='ocrx_word' id='word_1_149' title='bbox 389 2146 478 2169; x_wconf 92' lang='lat' dir='ltr'>error</span> <span class='ocrx_word' id='word_1_150' title='bbox 502 2135 619 2174; x_wconf 90' lang='lat' dir='ltr'>ubique</span> <span class='ocrx_word' id='word_1_151' title='bbox 646 2133 765 2171; x_wconf 79' lang='lat' dir='ltr'>furens⁷</span> 
     </span>
     <span class='ocr_line' id='line_1_42' title="bbox 241 2182 809 2224; baseline -0.011 -6"><span class='ocrx_word' id='word_1_152' title='bbox 241 2187 369 2219; x_wconf 84' lang='lat' dir='ltr'>Caelica</span> <span class='ocrx_word' id='word_1_153' title='bbox 401 2192 554 2224; x_wconf 88' lang='lat' dir='ltr'>spernere</span> <span class='ocrx_word' id='word_1_154' title='bbox 580 2191 671 2214; x_wconf 87' lang='lat' dir='ltr'>sacra</span> <span class='ocrx_word' id='word_1_155' title='bbox 696 2182 809 2213; x_wconf 89' lang='lat' dir='ltr'>iubens</span> 
     </span>
     <span class='ocr_line' id='line_1_43' title="bbox 240 2230 796 2273; baseline -0.009 -7"><span class='ocrx_word' id='word_1_156' title='bbox 240 2233 403 2273; x_wconf 85' lang='lat' dir='ltr'>Praecipit</span> <span class='ocrx_word' id='word_1_157' title='bbox 430 2237 461 2263; x_wconf 90' lang='lat' dir='ltr'>et</span> <span class='ocrx_word' id='word_1_158' title='bbox 485 2235 603 2271; x_wconf 91' lang='lat' dir='ltr'>monet,</span> <span class='ocrx_word' id='word_1_159' title='bbox 629 2235 664 2262; x_wconf 88' lang='lat' dir='ltr'>ut</span> <span class='ocrx_word' id='word_1_160' title='bbox 690 2230 796 2261; x_wconf 85' lang='lat' dir='ltr'>varios</span> 
     </span>
     <span class='ocr_line' id='line_1_44' title="bbox 241 2279 747 2322; baseline -0.01 -8"><span class='ocrx_word' id='word_1_161' title='bbox 241 2282 402 2322; x_wconf 81' lang='lat' dir='ltr'>Suscipias</span> <span class='ocrx_word' id='word_1_162' title='bbox 429 2280 634 2319; x_wconf 84' lang='lat' dir='ltr'>celebresque</span> <span class='ocrx_word' id='word_1_163' title='bbox 661 2279 747 2310; x_wconf 86' lang='lat' dir='ltr'>deos.</span> 
     </span>
    </p>
   </div>
   <div class='ocr_carea' id='block_1_18' title="bbox 863 1642 1468 1682">
    <p class='ocr_par' dir='ltr' id='par_1_18' title="bbox 863 1642 1468 1682">
     <span class='ocr_line' id='line_1_45' title="bbox 863 1642 1468 1682; baseline -0.008 -5"><span class='ocrx_word' id='word_1_164' title='bbox 863 1648 894 1678; x_wconf 86' lang='lat'>4.</span> <span class='ocrx_word' id='word_1_165' title='bbox 923 1645 985 1676; x_wconf 81' lang='lat' dir='ltr'>Sed</span> <span class='ocrx_word' id='word_1_166' title='bbox 1011 1648 1067 1675; x_wconf 86' lang='lat' dir='ltr'>tua</span> <span class='ocrx_word' id='word_1_167' title='bbox 1093 1643 1207 1674; x_wconf 86' lang='lat' dir='ltr'>cedere</span> <span class='ocrx_word' id='word_1_168' title='bbox 1233 1642 1342 1674; x_wconf 88' lang='lat' dir='ltr'>nescia</span> <span class='ocrx_word' id='word_1_169' title='bbox 1367 1650 1468 1682; x_wconf 86' lang='lat' dir='ltr'>mens,</span> 
     </span>
    </p>
   </div>
   <div class='ocr_carea' id='block_1_19' title="bbox 923 1690 1495 1827">
    <p class='ocr_par' dir='ltr' id='par_1_19' title="bbox 923 1690 1495 1827">
     <span class='ocr_line' id='line_1_46' title="bbox 923 1690 1395 1730; baseline -0.006 -6"><span class='ocrx_word' id='word_1_170' title='bbox 923 1692 1113 1724; x_wconf 87' lang='lat' dir='ltr'>Inviolabile</span> <span class='ocrx_word' id='word_1_171' title='bbox 1140 1691 1238 1723; x_wconf 89' lang='lat' dir='ltr'>robur</span> <span class='ocrx_word' id='word_1_172' title='bbox 1262 1690 1395 1730; x_wconf 79' lang='lat' dir='ltr'>habens,</span> 
     </span>
     <span class='ocr_line' id='line_1_47' title="bbox 924 1737 1495 1779; baseline -0.004 -9"><span class='ocrx_word' id='word_1_173' title='bbox 924 1740 1049 1771; x_wconf 82' lang='lat' dir='ltr'>Blanda</span> <span class='ocrx_word' id='word_1_174' title='bbox 1070 1740 1119 1770; x_wconf 90' lang='lat' dir='ltr'>vel</span> <span class='ocrx_word' id='word_1_175' title='bbox 1140 1748 1255 1779; x_wconf 85' lang='lat' dir='ltr'>aspera</span> <span class='ocrx_word' id='word_1_176' title='bbox 1273 1747 1416 1779; x_wconf 86' lang='lat' dir='ltr'>quaeque</span> <span class='ocrx_word' id='word_1_177' title='bbox 1434 1737 1495 1769; x_wconf 85' lang='lat' dir='ltr'>soli</span> 
     </span>
     <span class='ocr_line' id='line_1_48' title="bbox 925 1787 1389 1827; baseline 0.002 -9"><span class='ocrx_word' id='word_1_178' title='bbox 925 1788 980 1819; x_wconf 90' lang='lat' dir='ltr'>Nil</span> <span class='ocrx_word' id='word_1_179' title='bbox 1007 1791 1135 1827; x_wconf 86' lang='lat' dir='ltr'>reputat</span> <span class='ocrx_word' id='word_1_180' title='bbox 1163 1788 1286 1819; x_wconf 84' lang='lat' dir='ltr'>ratione</span> <span class='ocrx_word' id='word_1_181' title='bbox 1312 1787 1389 1827; x_wconf 86' lang='lat' dir='ltr'>poli.</span> 
     </span>
    </p>
   </div>
   <div class='ocr_carea' id='block_1_20' title="bbox 889 1863 1496 1898">
    <p class='ocr_par' dir='ltr' id='par_1_20' title="bbox 889 1863 1496 1898">
     <span class='ocr_line' id='line_1_49' title="bbox 889 1863 1496 1898; baseline -0.005 -1"><span class='ocrx_word' id='word_1_182' title='bbox 889 1891 895 1897; x_wconf 94' lang='lat'><strong>.</strong></span> <span class='ocrx_word' id='word_1_183' title='bbox 924 1865 1074 1898; x_wconf 87' lang='lat' dir='ltr'>Caederis</span> <span class='ocrx_word' id='word_1_184' title='bbox 1107 1865 1181 1896; x_wconf 86' lang='lat' dir='ltr'>hinc</span> <span class='ocrx_word' id='word_1_185' title='bbox 1207 1873 1299 1896; x_wconf 85' lang='lat' dir='ltr'>sacra</span> <span class='ocrx_word' id='word_1_186' title='bbox 1325 1864 1425 1895; x_wconf 87' lang='lat' dir='ltr'>verba</span> <span class='ocrx_word' id='word_1_187' title='bbox 1448 1863 1496 1894; x_wconf 95' lang='lat' dir='ltr'>lo-</span> 
     </span>
    </p>
   </div>
   <div class='ocr_carea' id='block_1_21' title="bbox 925 1921 1499 2096">
    <p class='ocr_par' dir='ltr' id='par_1_21' title="bbox 925 1921 1499 2096">
     <span class='ocr_line' id='line_1_50' title="bbox 1290 1921 1370 1944; baseline -0.013 0"><span class='ocrx_word' id='word_1_188' title='bbox 1290 1921 1370 1944; x_wconf 87' lang='lat' dir='ltr'>nens</span> 
     </span>
     <span class='ocr_line' id='line_1_51' title="bbox 925 1922 1493 2000; baseline 0 -9"><span class='ocrx_word' id='word_1_189' title='bbox 925 1960 1076 1992; x_wconf 88' lang='lat' dir='ltr'>Plumbea</span> <span class='ocrx_word' id='word_1_190' title='bbox 1102 1970 1207 1992; x_wconf 86' lang='lat' dir='ltr'>massa</span> <span class='ocrx_word' id='word_1_191' title='bbox 1233 1922 1337 1992; x_wconf 54' lang='lat' dir='ltr'>soiluta</span> <span class='ocrx_word' id='word_1_192' title='bbox 1355 1937 1493 2000; x_wconf 76' lang='lat' dir='ltr'>coquens</span> 
     </span>
     <span class='ocr_line' id='line_1_52' title="bbox 925 2008 1497 2050; baseline 0.002 -11"><span class='ocrx_word' id='word_1_193' title='bbox 925 2008 1005 2040; x_wconf 86' lang='lat' dir='ltr'>Esse</span> <span class='ocrx_word' id='word_1_194' title='bbox 1030 2009 1148 2048; x_wconf 84' lang='lat' dir='ltr'>nequit,</span> <span class='ocrx_word' id='word_1_195' title='bbox 1177 2009 1250 2048; x_wconf 86' lang='lat' dir='ltr'>quia</span> <span class='ocrx_word' id='word_1_196' title='bbox 1276 2009 1497 2050; x_wconf 85' lang='lat' dir='ltr'>cunctipotens</span> 
     </span>
     <span class='ocr_line' id='line_1_53' title="bbox 928 2056 1499 2096; baseline 0 -8"><span class='ocrx_word' id='word_1_197' title='bbox 928 2056 1054 2088; x_wconf 85' lang='lat' dir='ltr'>Alterat</span> <span class='ocrx_word' id='word_1_198' title='bbox 1081 2061 1111 2087; x_wconf 93' lang='lat' dir='ltr'>et</span> <span class='ocrx_word' id='word_1_199' title='bbox 1137 2058 1222 2096; x_wconf 90' lang='lat' dir='ltr'>rapit</span> <span class='ocrx_word' id='word_1_200' title='bbox 1255 2066 1348 2088; x_wconf 88' lang='lat' dir='ltr'>omne</span> <span class='ocrx_word' id='word_1_201' title='bbox 1368 2066 1499 2089; x_wconf 90' lang='lat' dir='ltr'>nocens.</span> 
     </span>
    </p>
   </div>
   <div class='ocr_carea' id='block_1_22' title="bbox 881 2133 1402 2174">
    <p class='ocr_par' dir='ltr' id='par_1_22' title="bbox 881 2133 1402 2174">
     <span class='ocr_line' id='line_1_54' title="bbox 881 2133 1402 2174; baseline -0.002 -7"><span class='ocrx_word' id='word_1_202' title='bbox 881 2135 903 2167; x_wconf 83' lang='lat'>&#39;.</span> <span class='ocrx_word' id='word_1_203' title='bbox 932 2133 1043 2165; x_wconf 89' lang='lat' dir='ltr'>Gloria</span> <span class='ocrx_word' id='word_1_204' title='bbox 1069 2134 1109 2164; x_wconf 90' lang='lat' dir='ltr'>sit</span> <span class='ocrx_word' id='word_1_205' title='bbox 1136 2134 1202 2165; x_wconf 84' lang='lat' dir='ltr'>sine</span> <span class='ocrx_word' id='word_1_206' title='bbox 1228 2134 1289 2166; x_wconf 89' lang='lat' dir='ltr'>fine</span> <span class='ocrx_word' id='word_1_207' title='bbox 1315 2135 1402 2174; x_wconf 88' lang='lat' dir='ltr'>patri</span> 
     </span>
    </p>
   </div>
   <div class='ocr_carea' id='block_1_23' title="bbox 926 2181 1498 2319">
    <p class='ocr_par' dir='ltr' id='par_1_23' title="bbox 926 2181 1498 2319">
     <span class='ocr_line' id='line_1_55' title="bbox 930 2181 1377 2223; baseline 0.004 -11"><span class='ocrx_word' id='word_1_208' title='bbox 930 2181 1074 2221; x_wconf 84' lang='lat' dir='ltr'>Ingenito</span> <span class='ocrx_word' id='word_1_209' title='bbox 1099 2183 1268 2222; x_wconf 85' lang='lat' dir='ltr'>genitoque</span> <span class='ocrx_word' id='word_1_210' title='bbox 1294 2183 1377 2223; x_wconf 88' lang='lat' dir='ltr'>pari,</span> 
     </span>
     <span class='ocr_line' id='line_1_56' title="bbox 928 2230 1436 2272; baseline 0.004 -12"><span class='ocrx_word' id='word_1_211' title='bbox 928 2230 993 2261; x_wconf 87' lang='lat' dir='ltr'>Par</span> <span class='ocrx_word' id='word_1_212' title='bbox 1018 2239 1142 2270; x_wconf 83' lang='lat' dir='ltr'>quoque</span> <span class='ocrx_word' id='word_1_213' title='bbox 1168 2231 1269 2270; x_wconf 83' lang='lat' dir='ltr'>gloria</span> <span class='ocrx_word' id='word_1_214' title='bbox 1295 2231 1436 2272; x_wconf 87' lang='lat' dir='ltr'>spiritui,</span> 
     </span>
     <span class='ocr_line' id='line_1_57' title="bbox 926 2278 1498 2319; baseline 0.005 -11"><span class='ocrx_word' id='word_1_215' title='bbox 926 2278 986 2316; x_wconf 77' lang='lat' dir='ltr'>Qui</span> <span class='ocrx_word' id='word_1_216' title='bbox 1011 2278 1112 2317; x_wconf 85' lang='lat' dir='ltr'>patris</span> <span class='ocrx_word' id='word_1_217' title='bbox 1139 2284 1187 2310; x_wconf 88' lang='lat' dir='ltr'>est</span> <span class='ocrx_word' id='word_1_218' title='bbox 1212 2289 1301 2311; x_wconf 88' lang='lat' dir='ltr'>amor</span> <span class='ocrx_word' id='word_1_219' title='bbox 1327 2283 1359 2311; x_wconf 85' lang='lat' dir='ltr'>et</span> <span class='ocrx_word' id='word_1_220' title='bbox 1389 2279 1498 2319; x_wconf 87' lang='lat' dir='ltr'>geniti.</span> 
     </span>
    </p>
   </div>
   <div class='ocr_carea' id='block_1_24' title="bbox 257 2358 1502 2398">
    <p class='ocr_par' dir='ltr' id='par_1_24' title="bbox 257 2358 1502 2398">
     <span class='ocr_line' id='line_1_58' title="bbox 257 2358 1502 2398; baseline 0.001 -11"><span class='ocrx_word' id='word_1_221' title='bbox 257 2364 337 2391; x_wconf 18' lang='lat' dir='ltr'>(Vhffic.</span> <span class='ocrx_word' id='word_1_222' title='bbox 368 2363 418 2390; x_wconf 78' lang='lat' dir='ltr'>SS.</span> <span class='ocrx_word' id='word_1_223' title='bbox 445 2363 619 2398; x_wconf 85' lang='lat' dir='ltr'>Reparatae,</span> <span class='ocrx_word' id='word_1_224' title='bbox 654 2359 777 2391; x_wconf 71' lang='lat' dir='ltr'>Paridis,</span> <span class='ocrx_word' id='word_1_225' title='bbox 809 2359 922 2386; x_wconf 89' lang='lat' dir='ltr'>Amasii</span> <span class='ocrx_word' id='word_1_226' title='bbox 954 2362 1006 2386; x_wconf 88' lang='lat' dir='ltr'>etc.</span> <span class='ocrx_word' id='word_1_227' title='bbox 1028 2361 1095 2395; x_wconf 87' lang='lat' dir='ltr'>imp.</span> <span class='ocrx_word' id='word_1_228' title='bbox 1120 2361 1247 2397; x_wconf 83' lang='lat' dir='ltr'>Neapoli</span> <span class='ocrx_word' id='word_1_229' title='bbox 1271 2358 1353 2388; x_wconf 86' lang='lat'><strong>1533.</strong></span> <span class='ocrx_word' id='word_1_230' title='bbox 1379 2376 1413 2380; x_wconf 89' lang='lat'>—</span> <span class='ocrx_word' id='word_1_231' title='bbox 1436 2359 1461 2393; x_wconf 83' lang='grc'>1,</span> <span class='ocrx_word' id='word_1_232' title='bbox 1484 2360 1502 2389; x_wconf 87' lang='grc'><strong>3</strong></span> 
     </span>
    </p>
   </div>
   <div class='ocr_carea' id='block_1_25' title="bbox 179 2396 1502 2475">
    <p class='ocr_par' dir='ltr' id='par_1_25' title="bbox 179 2396 1502 2475">
     <span class='ocr_line' id='line_1_59' title="bbox 179 2396 1502 2447; baseline -0.002 -17"><span class='ocrx_word' id='word_1_233' title='bbox 179 2403 288 2447; x_wconf 38' lang='lat' dir='ltr'>trib-uit·</span> <span class='ocrx_word' id='word_1_234' title='bbox 319 2403 443 2428; x_wconf 74' lang='lat' dir='ltr'>Domino</span> <span class='ocrx_word' id='word_1_235' title='bbox 478 2403 563 2444; x_wconf 74' lang='lat' dir='ltr'>serta.</span> <span class='ocrx_word' id='word_1_236' title='bbox 595 2414 632 2417; x_wconf 97' lang='lat'><strong>—</strong></span> <span class='ocrx_word' id='word_1_237' title='bbox 672 2396 706 2442; x_wconf 82' lang='lat'>3⁷.</span> <span class='ocrx_word' id='word_1_238' title='bbox 720 2396 738 2425; x_wconf 86' lang='lat'>3</span> <span class='ocrx_word' id='word_1_239' title='bbox 768 2399 926 2433; x_wconf 82' lang='lat' dir='ltr'>praecepit.</span> <span class='ocrx_word' id='word_1_240' title='bbox 960 2414 991 2417; x_wconf 97' lang='lat'><strong>—</strong></span> <span class='ocrx_word' id='word_1_241' title='bbox 1025 2397 1050 2432; x_wconf 69' lang='lat'>6,</span> <span class='ocrx_word' id='word_1_242' title='bbox 1072 2398 1089 2426; x_wconf 77' lang='lat'><strong>3</strong></span> <span class='ocrx_word' id='word_1_243' title='bbox 1110 2399 1225 2435; x_wconf 81' lang='lat' dir='ltr'>Parque</span> <span class='ocrx_word' id='word_1_244' title='bbox 1246 2399 1352 2436; x_wconf 86' lang='lat' dir='ltr'>gloria.</span> <span class='ocrx_word' id='word_1_245' title='bbox 1373 2415 1411 2419; x_wconf 96' lang='lat'>—</span> <span class='ocrx_word' id='word_1_246' title='bbox 1431 2401 1502 2428; x_wconf 86' lang='lat' dir='ltr'>Mel.</span> 
     </span>
     <span class='ocr_line' id='line_1_60' title="bbox 180 2437 958 2475; baseline -0.008 -7"><span class='ocrx_word' id='word_1_247' title='bbox 180 2441 543 2475; x_wconf 67' lang='lat' dir='ltr'>naturl1cthartyr1s</span> <span class='ocrx_word' id='word_1_248' title='bbox 571 2447 651 2465; x_wconf 78' lang='lat' dir='ltr'>ecce</span> <span class='ocrx_word' id='word_1_249' title='bbox 673 2437 753 2463; x_wconf 72' lang='lat' dir='ltr'>dies</span> <span class='ocrx_word' id='word_1_250' title='bbox 782 2437 958 2473; x_wconf 80' lang='lat' dir='ltr'>Agathae.</span> 
     </span>
    </p>
   </div>
  </div>
 </body>
</html>
