1653 2656
763 167 1022 204 —285—

472 253 503 286 3.
533 253 580 285 De
607 265 694 291 remo
721 261 862 305 Petrum,
890 267 930 298 de
954 268 1028 301 lana
1051 270 1215 315 Severum,

528 303 650 337 Ambos
678 308 718 340 de
743 310 845 354 thoro,
873 324 952 354 quos
977 317 1133 356 praefecit
1161 323 1270 364 choro,

526 350 614 384 Deus
641 357 768 389 vocavit
793 364 824 391 et
851 362 896 393 eis
923 364 1056 397 donavit

670 404 752 437 Esse
778 413 934 448 pastores,

464 495 498 527 4.
526 496 678 532 Convivis
705 502 781 542 suis,
808 513 827 536 0
853 505 981 547 Severe,
1008 511 1070 542 tuis

524 544 607 577 Esto
633 548 792 592 placatus,
817 558 998 587 nostrorum
1026 563 1132 591 reatus

524 592 678 627 Precibus
706 598 788 639 dele,
816 599 866 633 fer
891 612 984 642 opem
1010 607 1155 640 medelae

667 644 768 678 Nobis
795 651 960 684 sanandis.

483 761 489 766 .
518 737 644 770 Virtute
669 750 747 774 sana
775 743 854 776 doce
880 756 937 778 nos
964 753 995 779 ct
1023 760 1104 782 vana

517 785 633 818 Mundi
660 798 824 835 spernere,
854 794 923 826 Deo
949 797 1125 831 adhaerere

517 833 611 865 Nunc
637 841 668 867 et
694 838 726 869 in
753 849 876 879 aevum,
905 851 939 874 ut
966 846 1102 878 vitemus
1129 858 1263 882 naevum

658 885 734 925 Ipso
756 894 954 927 praestante.

457 738 476 768 (ss

282 971 368 998 Brev.
391 982 445 1001 nis.
458 976 711 1008 Halberstadense
733 990 810 1012 saec.
830 983 872 1011 15.
888 985 958 1013 Cod.
975 989 1215 1025 iVernigeroden.
1232 995 1272 1021 Za
1287 994 1333 1022 42.
1349 998 1382 1024 A.
1400 1013 1434 1016 =
1451 1000 1539 1027 Brcv.
1580 1019 1584 1023 -

202 1007 377 1038 Basileense
399 1014 468 1049 imp.
491 1015 629 1044 Basileae
652 1017 734 1047 1498.
757 1021 789 1048 B.
813 1037 849 1040 —
870 1022 898 1056 4,
923 1024 935 1051 1
960 1026 1033 1053 Cum
1054 1032 1190 1058 convivis
1212 1034 1245 1059 A.

653 1150 720 1181 479.
764 1153 806 1183 De
827 1157 936 1187 sancto
957 1157 1083 1190 Severo.

729 1212 777 1240 Ad
804 1214 1000 1252 VesperaS.

198 1287 227 1319 1.
254 1288 279 1320 O
306 1289 453 1328 pontifex
480 1296 691 1340 sanctissime,
897 1307 928 1337 2.
957 1306 1037 1338 Nam
1066 1309 1178 1342 laudes
1208 1312 1267 1344 tibi
1295 1314 1421 1348 debitas

256 1336 378 1370 Christi
405 1340 574 1375 confessor
599 1347 731 1390 optime,
956 1354 1158 1390 Concinimus
1185 1359 1244 1391 hoc
1270 1364 1424 1405 tempore,

252 1384 413 1419 Succurre
435 1390 527 1422 nobis
553 1394 679 1426 miseris
953 1403 997 1436 Ut
1023 1406 1142 1437 sanctis
1169 1408 1232 1440 tuis
1260 1412 1409 1449 precibus

250 1433 288 1465 In
316 1434 377 1467 hac
403 1438 489 1470 valle
515 1441 673 1476 miseriae.
950 1451 1179 1494 Expurgemur
1205 1467 1222 1488 a
1250 1460 1394 1493 crimine.

607 1540 639 1573 3.
668 1541 797 1584 Severe,
824 1549 919 1584 pater
943 1547 1064 1591 inclite,

665 1590 781 1623 Preces
809 1593 943 1627 devotas
969 1599 1108 1639 suscipe,

661 1639 752 1678 Quod
780 1641 875 1683 digne
902 1649 1014 1677 sancta
1039 1649 1155 1681 merita

661 1686 730 1719 Tua
755 1691 916 1730 possimus
942 1703 1101 1733 promere.

259 1772 396 1802 Officium
429 1782 597 1807 sanctoruni
632 1786 824 1818 patronorum
857 1795 891 1814 ac
923 1794 1120 1825 protectorum
1155 1796 1288 1824 civitatis
1326 1799 1519 1836 Parthenope.

178 1810 268 1846 Impr.
299 1813 427 1850 Neapoli
455 1825 533 1845 anno
560 1820 682 1849 Domini
714 1822 796 1852 1525.
821 1841 860 1845 —
887 1827 1006 1865 Anfang
1036 1831 1088 1859 der
1115 1834 1302 1871 Doxologie:
1329 1839 1432 1866 Gloria
1463 1842 1519 1869 tibi

178 1849 307 1879 Domine
325 1851 331 1887 Ι
349 1853 407 1887 Qui
429 1859 593 1885 surrexisti.

617 1945 689 1978 480.
730 1947 773 1980 De
796 1953 906 1983 sancto
928 1952 1079 1993 Sigfrido.

654 2008 706 2035 Ad
735 2010 843 2047 Vesp.
873 2017 908 2040 et
934 2015 1037 2043 Noct.

171 2086 202 2118 1.
231 2086 368 2128 sigfridi
395 2092 649 2133 archipraesulis
875 2103 905 2136 3.
934 2103 997 2135 Hic
1023 2106 1180 2145 Anglicus
1208 2110 1369 2143 natalibus

229 2135 318 2169 Odas
344 2139 507 2174 solvamus
535 2145 697 2187 carminis,
933 2151 995 2183 Est
1020 2158 1110 2185 ortus
1137 2156 1193 2186 sed
1220 2157 1384 2192 nobilibus

227 2185 289 2225 Qui
313 2186 426 2220 Suecis
453 2190 552 2223 verbo
580 2193 739 2234 dogmatis
933 2199 1086 2233 Testatur
1113 2203 1145 2234 id
1173 2208 1326 2246 prosapia

225 2232 321 2266 Dona
347 2234 435 2268 fudit
457 2237 673 2279 baptismatis.
928 2249 1105 2289 Anglorum
1134 2261 1243 2292 regum
1271 2257 1369 2296 regia,

163 2330 198 2364 2.
226 2330 271 2363 Ut
296 2331 393 2364 iubar
417 2334 468 2365 sui
494 2335 624 2369 luminis
867 2346 898 2376 4.
927 2345 990 2376 Hic
1014 2347 1170 2388 Anglicus
1197 2352 1371 2393 angelicus,

223 2377 361 2412 Gemma
387 2379 496 2414 fundit
521 2384 554 2416 in
578 2387 732 2432 tenebris,
926 2394 985 2433 Qui
1012 2396 1127 2427 missus
1157 2398 1249 2431 nobis
1275 2403 1421 2443 caelitus,

224 2426 278 2458 Sic
307 2428 392 2461 doxa
419 2430 542 2463 Christi
567 2436 707 2469 numinis
927 2442 994 2475 Nos
1019 2444 1130 2485 iungat
1156 2447 1222 2479 suis
1248 2451 1408 2488 precibus.

222 2475 357 2508 Praesul
387 2476 479 2510 fulsit
504 2479 557 2512 hic
584 2482 722 2519 bilibris.
925 2493 1122 2533 Angelorum
1150 2496 1306 2536 apicibus.
