1653 2656
680 164 728 170 —
778 145 844 181 131
896 167 944 172 —

155 236 188 269 3.
216 236 375 269 Instruxit
401 238 680 286 Sudermanniam,
847 247 881 278 4.
909 245 987 277 Cum
1014 247 1220 286 praedicaret
1245 246 1344 280 filium

213 284 259 318 Ut
284 292 452 325 sperneret
479 289 663 331 perfidiam,
909 294 1036 326 Mariae
1062 295 1270 336 unigenitum,

210 333 255 365 Et
281 342 342 373 per
370 334 491 368 Christi
517 338 721 372 clementiam
910 342 1075 375 Conversa
1101 347 1150 374 est
1175 344 1217 376 ad
1243 344 1414 376 Dominum

210 381 374 421 Bapsismi
401 384 492 417 dedit
518 387 666 428 gratiam.
909 390 1030 430 Magna
1055 391 1150 423 turba
1175 392 1351 432 gentilium.

560 491 592 522 5.
619 489 693 521 Tibi
719 490 761 521 sit
786 490 856 522 laus
883 494 914 522 et
940 491 1054 530 gloria.

231 584 363 620 Legend.
385 595 438 613 ms.
461 588 616 616 Laurentii
638 590 750 616 Odonis
766 589 927 626 Lincopeu.
943 600 1019 618 saec.
1036 591 1111 619 ¹⁴'15.
1128 593 1198 620 eod.
1214 594 1358 621 Dresden.
1372 595 1395 621 Α
1416 594 1477 621 152.

146 623 180 649 A.
209 636 247 640 —
268 622 337 649 Ant.
364 628 393 651 et
422 625 522 660 hymn.
546 637 598 654 ωε.
621 628 763 655 Scarense
791 638 866 656 saec.
891 629 935 656 1'4.
957 627 998 665 [et
1022 629 1087 664 154
1111 632 1180 658 Cod.
1204 633 1346 665 l'psalen.
1367 633 1391 660 B
1412 632 1476 660 422.

150 662 184 688 Β4
209 675 245 679 -
267 661 354 688 Brev.
377 663 555 700 Stregnense
578 668 646 702 imp.
670 667 806 694 Holmiae
833 667 905 695 1495
921 670 952 696 C.
970 684 1002 687 —
1019 667 1045 701 2,
1069 670 1086 696 3
1102 670 1161 696 und
1175 670 1193 697 4
1209 671 1377 706 umgectellt
1391 673 1423 698 B.
1441 688 1476 691 —

151 699 178 733 4,
204 698 216 726 1
240 700 317 727 Dum
340 701 398 729 BC.
420 719 456 722 —
479 703 505 734 5,
531 704 544 731 l
571 706 616 732 Sit
637 706 691 732 tibi
713 706 747 733 A.
769 722 805 725 —
827 707 887 734 Der
909 708 1045 742 Hymnus
1067 709 1143 735 stelit
1168 710 1221 743 „ad
1243 708 1378 736 Laudes“
1402 708 1456 737 BC.

594 885 661 915 222.
703 885 744 916 De
765 888 873 917 sancto
895 886 1023 918 Escillo.

689 960 739 986 Ad
767 960 892 987 Laude
903 970 925 987 s.

151 1051 181 1083 1.
208 1049 329 1082 Summi
350 1054 526 1090 praecepta
552 1051 683 1082 Domini
842 1054 873 1085 3.
902 1053 1048 1093 Indulge.
1074 1054 1128 1089 uit,
1154 1055 1274 1094 insciis,

207 1099 477 1139 contempserunt
502 1099 652 1131 malevoli
902 1101 1008 1143 Pater,
1039 1102 1164 1133 dimitte
1191 1103 1282 1139 vitia,

204 1146 247 1178 Et
273 1155 383 1178 necem
410 1156 467 1178 suo
491 1147 634 1188 praesuli
900 1149 1040 1191 Christe,
1069 1151 1221 1182 emundes
1249 1152 1385 1184 crimina

205 1195 404 1227 Paraverunt
431 1195 603 1227 increduli.
900 1197 1025 1230 Collata
1052 1199 1261 1238 indulgentia.

146 1298 177 1329 2.
205 1297 380 1330 Percussus
408 1300 457 1328 est
480 1297 645 1337 lapidibus
839 1301 871 1331 4.
899 1299 960 1330 Dei
987 1305 1110 1339 martyr
1136 1300 1274 1342 egregie,

202 1344 349 1377 Eskillus
375 1346 459 1376 sicut
485 1345 667 1386 Stephanus
901 1348 963 1379 Pro
988 1347 1079 1379 nobis
1107 1348 1211 1380 Deum
1239 1349 1378 1390 postula,

201 1393 245 1426 Et
271 1393 317 1425 sic
342 1403 402 1434 pro
429 1394 626 1426 occisoribus
900 1395 944 1428 Ut
971 1396 1055 1427 hunc
1081 1406 1232 1436 queamus
1260 1397 1366 1430 colere

205 1441 308 1473 Deum
335 1446 407 1474 orat
433 1442 641 1477 humillimus,
901 1445 937 1475 ln
964 1445 1160 1484 sempiterna
1186 1446 1323 1477 saecula.

548 1548 580 1578 5.
608 1545 683 1577 Tibi
708 1545 751 1577 sit.
776 1545 846 1577 laus
870 1550 900 1577 et
927 1546 1040 1586 gloria.

214 1644 344 1680 Legend.
366 1654 419 1672 ms.
435 1645 592 1672 Laurentii
613 1646 727 1673 Odonis
742 1647 905 1683 Lincopen.
921 1656 997 1675 saec.
1016 1646 1088 1674 ¹⁴55.
1104 1648 1174 1675 cod.
1192 1649 1334 1675 Dresden.
1352 1650 1384 1675 A.
1404 1647 1466 1675 13⁴2.

135 1683 169 1710 A.
194 1698 229 1702 —
251 1684 318 1710 Ant.
346 1687 375 1711 et
402 1684 502 1719 hymn.
529 1694 582 1711 ms.
605 1685 748 1713 Scarense
770 1695 844 1713 saec.
871 1685 913 1713 14.
938 1684 977 1722 [et
1001 1684 1070 1722 15.].
1093 1687 1164 1714 Cud.
1195 1687 1335 1723 [Ipsalen.
1359 1690 1381 1715 C
1402 1686 1467 1714 4⁸22.

138 1722 171 1749 Β.
200 1736 237 1740 -
270 1723 356 1750 Brev.
384 1722 584 1759 Strengnense
616 1725 685 1760 imp.
715 1725 855 1752 Holniiae
885 1724 966 1752 1495.
995 1725 1025 1752 C.
1054 1741 1090 1744 —
1123 1725 1151 1754 1.
1185 1724 1203 1754 3
1235 1727 1401 1762 Necemque
1429 1727 1467 1759 A;

137 1765 240 1788 sancto
261 1762 392 1797 praesuli
413 1762 447 1789 Β.
469 1777 506 1780 -
528 1761 553 1795 2,
580 1762 593 1789 1
615 1763 778 1790 Percussus
799 1773 865 1791 cum
880 1764 1031 1799 lapidibus
1048 1765 1083 1792 A.
1098 1780 1134 1783 —
1149 1763 1175 1797 2,
1199 1764 1216 1792 3
1232 1765 1271 1792 Et
1291 1766 1363 1793 fehlt
1381 1767 1413 1793 A.
1432 1782 1465 1785 —

135 1797 161 1827 2.
185 1798 203 1826 4
225 1803 310 1836 rogat
337 1801 378 1835 A3
406 1801 550 1828 humilius
572 1802 604 1829 C.
626 1817 663 1820 —
684 1800 710 1835 3,
736 1801 749 1830 1
772 1804 815 1830 ait
840 1805 924 1830 vitiis
947 1804 978 1831 C.
1000 1818 1036 1822 —
1059 1804 1165 1831 Doxol.
1194 1805 1265 1831 fehlt
1287 1805 1321 1832 A.
1345 1819 1379 1823 —
1401 1805 1468 1840 vgl.

133 1839 306 1876 Klemming
326 1840 350 1873 1,
375 1838 429 1868 115
451 1849 478 1868 u.
501 1841 519 1868 f.

478 1973 545 2005 223.
586 1974 628 2005 De
650 1976 759 2006 sancto
780 1974 940 2006 Euchario
964 1975 1117 2007 Tullensi.

134 2064 164 2096 1.
192 2063 288 2096 Alma
314 2069 419 2097 mater
443 2066 581 2098 ecclesia
832 2070 865 2101 3.
893 2067 956 2099 Hic
982 2068 1141 2099 illustrem
1168 2067 1333 2107 Eliphium

194 2111 404 2146 Sollemnizet
428 2114 461 2146 in
487 2116 615 2158 gaudio,
889 2115 1040 2148 Fratrem
1067 2125 1253 2156 germanum
1281 2115 1404 2158 habuit,

192 2160 338 2203 Totaque
363 2163 575 2204 Lothon'ngia
888 2165 948 2204 Qui
976 2173 1034 2204 per
1060 2164 1136 2196 fidei
1165 2164 1291 2196 radium

190 2209 296 2251 Digne
322 2212 442 2252 psallat
467 2212 640 2247 Euchario.
891 2213 928 2245 In
956 2213 1035 2244 urbe
1063 2213 1169 2245 Leuca
1196 2213 1323 2244 claruit.

137 2313 172 2346 2.
197 2311 262 2344 Hic
288 2321 327 2345 ex
354 2314 442 2346 clara
467 2315 621 2355 progenie
831 2317 863 2348 4.
890 2315 933 2347 Hi
962 2315 1024 2346 duo
1051 2315 1130 2347 clari
1156 2314 1298 2346 moribus

194 2361 323 2395 Claram
349 2363 451 2394 traxit
476 2364 643 2404 originem,
892 2363 969 2395 Cum
997 2373 1107 2395 sorore
1134 2362 1277 2401 Libaria,

194 2410 343 2443 Imitatus
370 2411 504 2444 cottidie
892 2411 1050 2453 Susanna,
1078 2412 1198 2444 Menna
1224 2411 1373 2452 plebibus

193 2459 368 2492 Parentum
393 2460 657 2495 sanctitudinem.
892 2461 969 2493 Dati
992 2465 1067 2493 suut
1091 2461 1123 2492 in
1150 2461 1280 2493 solacia.

1247 2516 1291 2545 9⁸
