1653 2656
757 122 1021 158 —271—

680 233 752 265 454.
794 235 837 266 De
859 239 969 269 sancto
991 238 1108 270 Pelino.

770 297 821 323 Ad
849 298 1006 327 Laudes.

219 375 251 409 1.
282 375 465 410 Laudemus
492 388 601 412 omnes
628 383 734 415 seduli
919 389 950 420 3.
979 388 1084 420 Molas
1111 389 1262 431 frangunt
1290 391 1468 433 forcipibus

280 425 371 456 Pium
398 430 562 460 auctorem
590 431 721 470 saeculi,
979 435 1088 468 Saevit
1114 443 1185 470 rota
1212 449 1281 472 cum
1310 442 1470 484 dentibus,

281 473 341 511 Qui
368 483 428 514 pro
454 475 547 508 bonis
574 478 734 510 aethereis
979 484 1042 516 Sed
1072 496 1130 526 per
1156 487 1274 519 Christi
1305 490 1506 523 clementiam

282 521 428 554 Pelinum
457 524 549 556 dedit
575 529 768 566 praesulem.
977 532 1049 564 Nou
1078 536 1198 574 carpsit
1224 538 1414 577 penetralia.

219 618 251 651 2.
280 618 343 649 Hic
370 621 532 652 excitatur
557 623 670 663 gloria,
915 631 947 660 4.
975 629 1034 670 Tu,
1060 636 1182 671 pastor,
1211 638 1334 674 martyr
1360 635 1482 675 inclite,

279 666 325 699 Ut
351 667 482 700 sufferat
509 672 678 713 supplicia,
975 677 1113 710 Caelesti
1139 682 1319 720 patrocinio

279 713 393 747 Senem
421 717 533 757 culpas
560 721 768 761 Aproculum‚
973 725 1025 756 Ab
1052 728 1135 758 omni
1163 731 1274 760 mortis
1303 731 1424 770 impetu

278 763 339 802 Qui
365 764 457 796 timet
483 768 595 799 mortis
620 769 769 801 iaculum.
973 773 1057 805 Tuos
1082 774 1220 808 defende
1247 776 1394 811 famulos.

636 868 668 897 5.
696 865 764 897 Deo
792 868 878 906 patri
903 868 945 900 sit
970 870 1082 909 gloria.

290 955 393 983 Officia
416 966 453 983 ss.
478 962 668 993 patronorum
693 962 762 988 eccl.
786 963 1002 992 Brundusinae.
1024 967 1097 1002 Imp.
1120 968 1233 996 Romae
1259 969 1340 997 1553,

629 1110 697 1142 455.
739 1112 782 1143 De
804 1121 827 1143 s.
848 1113 942 1145 Petro
965 1115 1116 1155 Martyre.

209 1196 239 1228 1.
270 1196 392 1229 Chorus
419 1198 481 1229 Dei
507 1199 649 1231 fidelium
931 1206 962 1237 6.
990 1207 1048 1246 Qui
1076 1207 1166 1239 iuxta
1192 1209 1323 1241 Medam
1350 1210 1471 1244 feriunt

267 1245 386 1284 Magno
413 1246 552 1279 laetetur
577 1248 688 1287 iubilo,
991 1254 1080 1286 Sacri
1111 1265 1262 1288 coronam
1290 1260 1416 1299 capitis,

267 1293 359 1330 Quod
388 1303 483 1326 verae
509 1295 589 1327 lucis
614 1298 728 1330 semita
988 1303 1087 1341 Quem
1114 1305 1231 1336 cadens
1260 1307 1354 1346 spina
1380 1310 1510 1341 sustulit

267 1341 357 1373 Petri
384 1346 473 1382 patet
499 1346 665 1386 martyrio.
931 1347 940 1355 ‘
990 1351 1085 1383 Fletu
1110 1353 1221 1385 dolens
1247 1355 1388 1389 assiduo.

205 1439 237 1471 2.
265 1438 325 1477 Qui
353 1439 531 1472 Veronensi
557 1443 683 1481 patriae
929 1447 958 1479 Τ.
987 1449 1084 1480 Cuius
1110 1459 1170 1489 pro
1199 1455 1299 1483 morte
1326 1453 1426 1485 doluit

264 1486 488 1520 Mediolanum
511 1492 667 1530 praetulit
986 1496 1164 1529 Mediolani
1192 1500 1306 1532 civitas

266 1534 460 1576 Corpusque.
481 1547 572 1569 suum
600 1541 765 1579 praestitit
986 1545 1090 1585 Eique
1116 1550 1183 1578 tota
1210 1549 1332 1587 prodiit

262 1585 383 1616 Amore
409 1594 491 1625 puro
516 1586 602 1621 fidei.
986 1593 1103 1625 Pectus
1131 1597 1330 1629 contundens
1356 1598 1494 1631 obviam.

203 1682 235 1714 3.
264 1682 326 1713 Hic
353 1682 453 1714 verba
478 1683 539 1715 Dei
566 1686 727 1728 nuntians,
926 1691 957 1723 8.
987 1691 1040 1723 Ad
1068 1692 1134 1724 eius
1161 1694 1247 1725 caeci
1276 1696 1430 1727 tumulum

262 1730 401 1762 Errores
428 1741 559 1764 movens
586 1734 723 1777 penitus,
987 1739 1083 1772 Claro
1109 1747 1241 1782 recepto
1267 1743 1388 1776 lumine

264 1778 307 1809 Et
334 1781 503 1812 veritatem
531 1781 650 1823 docuit⁷
984 1787 1029 1819 Et
1055 1789 1164 1821 claudi
1191 1792 1287 1823 rectis
1315 1794 1478 1834 gressibus

262 1827 326 1859 Per
351 1837 444 1868 quem
471 1829 616 1862 salvatur
641 1832 788 1872 quilibet.
986 1837 1128 1878 Pergunt
1156 1839 1326 1872 laudantes
1350 1842 1534 1878 Dominum.

196 1925 229 1956 4.
257 1925 321 1957 Ora
348 1925 463 1958 clausit
489 1927 645 1960 haeretici
918 1934 950 1966 9.
979 1935 1148 1967 Immundo
1176 1938 1280 1976 pressi
1304 1939 1421 1979 spiritu

255 1973 349 2005 Pauli
377 1975 526 2008 doctrina
551 1975 725 2018 profluens,
976 1982 1056 2015 Eius
1083 1990 1263 2024 purgantur
1288 1988 1421 2020 meritis.

252 2022 303 2054 Ex
331 2023 395 2055 illis
422 2033 548 2065 quoque
575 2026 731 2066 plurimos
975 2031 1115 2070 Quorum
1142 2034 1195 2073 qui
1215 2036 1341 2074 quaerit
1360 2047 1527 2070 numerum

251 2071 304 2103 Ad
334 2081 441 2105 veram
468 2074 571 2106 traxit
598 2075 753 2116 regulam.
974 2080 1103 2111 Arenae
1128 2082 1257 2113 modum
1284 2083 1418 2125 flagitat.

190 2169 223 2202 5.
251 2167 301 2200 De
328 2178 390 2209 quo
418 2170 564 2203 dolentes
592 2172 748 2205 haeretici
894 2175 948 2209 10.
976 2177 1165 2210 Reddamus
1192 2188 1267 2219 ergo
1294 2181 1430 2222 gloriam

251 2217 349 2249 Aeris
377 2218 515 2251 collecto
542 2221 669 2253 cumulo
974 2224 1044 2257 Deo
1070 2228 1155 2266 patri
1184 2237 1253 2259 cum
1281 2228 1347 2262 filio

249 2265 359 2306 Petro,
386 2267 440 2306 qui
468 2267 585 2301 Cumas
610 2269 704 2312 ierat,
974 2273 1048 2306 Una
1075 2283 1145 2306 cum
1172 2281 1284 2309 sancto
1310 2279 1438 2319 spiritu,

250 2314 373 2347 Parant
399 2318 539 2348 tortores
567 2318 734 2358 pessimos.
973 2322 1034 2361 Qui
1060 2323 1152 2356 nobis
1180 2329 1302 2358 tantam
1326 2329 1500 2367 praestitit.

267 2409 353 2438 Brev.
382 2419 437 2438 ms.
464 2411 696 2441 Ambrosianum
724 2423 800 2442 saec.
832 2414 875 2443 15.
904 2416 973 2444 cod.
1004 2419 1144 2455 Borgian.
1172 2420 1203 2447 M
1232 2423 1275 2449 11.
1305 2421 1350 2452 ⁴20.
1380 2441 1416 2445 —
1446 2425 1478 2462 2,
1508 2426 1526 2455 2

191 2447 371 2477 Mediolano.
391 2463 429 2469 —-
450 2448 478 2484 4,
502 2450 515 2479 1
539 2451 658 2489 Oraque
680 2454 797 2482 clausit.
821 2470 856 2474 —
878 2454 904 2490 4,
926 2455 943 2483 2
964 2458 1121 2493 perfluens.
