1653 2656
714 133 974 169 —168-

192 228 224 259 3.
255 227 345 259 elavi
371 233 566 268 quaeruntur
591 229 804 268 postmodum,

252 276 336 314 Quos
362 275 452 307 freno
477 282 599 315 ponunt
625 277 780 319 Caesaris,

253 323 439 363 Coinpletur
463 324 659 363 vaticinium,

249 371 340 410 Quod
366 371 537 403 Zacharias
562 373 708 411 protulit.

880 233 913 264 4.
940 231 1115 263 Precamur
1140 232 1238 264 corde
1262 233 1384 271 intimo,

939 278 1062 310 Fidelis
1089 279 1208 312 Christi
1235 281 1370 322 Helena,

938 326 982 360 Ut
1008 327 1040 358 in
1064 328 1149 359 omni
1175 329 1323 369 angustia

937 374 1114 407 Subvenias
1140 381 1172 408 et
1197 382 1357 418 protegas.

536 479 566 510 5.
595 477 739 519 Praesta,
766 481 870 517 pater,
897 488 956 519 per
980 479 1091 513 filium.

262 578 342 604 Offic.
375 588 424 604 ms.
453 588 529 606 saec.
558 578 600 607 16.
623 580 691 607 Cod.
714 581 848 608 Vatican.
879 580 963 610 6286.
985 598 1021 601 —
1043 582 1074 616 2,
1104 583 1118 611 l
1141 586 1256 620 promit.
1278 600 1315 605 —
1337 584 1369 617 2,
1395 586 1413 613 4
1433 587 1505 614 fehlt

184 617 250 642 eine
273 616 363 643 Silhu.
387 631 421 635 —
441 615 468 649 3,
490 615 507 644 2
529 618 608 651 Quos
630 619 713 646 freno
735 623 892 655 ponuntur.

630 798 695 829 286.
739 800 780 830 De
803 802 913 832 sancta
934 801 1060 833 Helena.

185 894 213 925 1.
243 893 285 925 Ut
312 894 397 926 Deus
423 895 463 926 sit
490 897 649 936 propitius

246 942 354 982 Ipsum
382 951 455 974 vere
482 943 669 985 colentibus,

245 989 368 1021 Helena
394 990 460 1022 eius
487 990 605 1024 famula

243 1037 372 1069 Orando
399 1038 600 1073 interveniat.

183 1141 214 1171 2.
245 1140 333 1171 Haec
358 1141 456 1173 verbo
482 1143 597 1174 inultos
625 1144 733 1176 docuit

246 1188 331 1219 Viam
361 1189 580 1222 demonstrans
606 1191 681 1223 fidei

241 1235 290 1266 Ex
317 1236 536 1269 Hebraeorum
562 1240 680 1280 populo
733 1232 738 1238 ⁸

243 1283 371 1314 Christo
398 1283 524 1316 favente
550 1286 695 1321 Domino.

180 1389 210 1420 3.
238 1388 266 1419 E
294 1388 406 1427 quibus
436 1398 515 1420 unus
541 1390 657 1422 claruit

240 1435 345 1469 Iudas,
373 1437 500 1474 praesul
527 1438 681 1478 egregius.

237 1483 378 1514 Helenae
404 1485 522 1515 sanetis
548 1486 662 1517 studiis

237 1530 398 1562 Sacratam
427 1541 550 1564 crucem
578 1534 730 1573 repperit.

175 1638 206 1669 4,
233 1636 320 1675 Quae
346 1641 412 1667 erat
440 1637 538 1669 inulto
564 1642 706 1677 ternpore

236 1683 352 1715 Latens
379 1685 448 1716 loco
471 1686 649 1726 Calvariae,

234 1731 342 1763 Arbor
368 1732 493 1769 decora.
522 1733 655 1773 fulgida,

235 1779 354 1811 Ornata
378 1781 460 1820 regis
486 1791 638 1821 purpura.

871 902 902 932 5.
930 900 1018 931 Haec
1049 902 1181 940 gemmis
1207 911 1333 934 crucem
1360 904 1499 943 optimis,

929 947 1044 980 Thecis
1070 950 1196 981 ornavit
1222 951 1336 991 aureis,

929 996 978 1027 De
1004 997 1124 1036 templo
1150 1006 1279 1029 movens
1306 999 1426 1030 idolum

928 1044 1095 1084 Templum
1123 1045 1231 1076 condit
1259 1046 1440 1079 mirificum.

893 1172 900 1179 .
927 1148 1104 1180 Laetentur
1130 1159 1205 1190 ergo
1231 1152 1306 1181 socii

927 1196 1070 1228 Helenae
1097 1195 1178 1229 festo
1205 1198 1318 1230 dediti.

927 1243 971 1275 Ut
997 1244 1088 1275 nobis
1115 1245 1195 1276 caeli
1220 1247 1397 1286 principem

926 1289 1056 1323 Efficiat
1083 1293 1285 1331 placabilem.

887 1419 894 1426 .
922 1394 1035 1427 Funde
1062 1406 1173 1435 preces
1199 1398 1330 1429 assidue

920 1442 981 1474 Pro
1008 1443 1066 1479 his,
1094 1454 1172 1484 quos
1200 1446 1304 1477 cernis
1330 1447 1447 1487 iugiter

918 1490 994 1521 Tuis
1020 1491 1140 1523 instare
1165 1493 1324 1535 laudibus,

919 1537 1057 1570 Servans
1083 1540 1123 1571 ab
1151 1540 1250 1572 hostis
1277 1542 1434 1576 cladibus,

884 1668 891 1674 .
920 1641 1046 1673 Laudes
1073 1645 1157 1683 patri
1183 1654 1253 1677 cum
1279 1648 1386 1687 genito

920 1689 1116 1730 Spirituique
1143 1693 1254 1725 inclito

919 1737 1104 1770 Reddamus
1131 1750 1208 1772 voce
1235 1743 1346 1774 sedula

921 1782 960 1817 In
986 1787 1181 1826 sempiterna
1207 1791 1345 1825 saecula.

251 1884 333 1910 Brev.
368 1893 420 1910 ms.
443 1884 624 1913 Civitatense
644 1895 719 1913 saec.
744 1886 786 1914 15.
809 1888 880 1915 Cod.
901 1888 1037 1925 Archiep.
1060 1892 1140 1919 Utin.
1163 1894 1226 1919 Oct.
1250 1892 1293 1921 10.
1316 1896 1337 1921 Α
1356 1912 1390 1915 —
1409 1897 1492 1924 Brev.

172 1930 223 1948 ms.
247 1923 429 1950 Civitatense
451 1925 521 1950 anni
545 1923 626 1951 1476.
649 1925 718 1952 Cod.
735 1925 892 1954 OEvitaten.
908 1928 1035 1955 Lxxrv
1055 1927 1113 1959 (28¹
1127 1931 1159 1957 B.
1176 1946 1211 1949 —
1227 1930 1252 1962 5,
1274 1932 1292 1960 4
1315 1935 1443 1962 condens
1460 1937 1491 1962 ll.

583 2105 647 2135 287.
689 2104 732 2135 De
754 2113 778 2135 s.
799 2105 916 2137 Helena
937 2106 1072 2138 Suecica.

644 2184 695 2212 Ad
721 2185 825 2221 Vesp.
852 2189 886 2213 et
915 2187 1015 2214 Noct.

172 2281 202 2312 1.
232 2279 323 2311 Felix
351 2289 466 2320 parens
493 2281 683 2321 Westgotia‚

232 2327 384 2359 Gaudens
409 2329 538 2368 plaude.
565 2330 743 2370 multiplica

232 2376 294 2407 Pro
320 2380 393 2408 tuae
419 2377 519 2416 prolis
545 2377 647 2418 gloria

233 2423 355 2456 Devota
382 2425 513 2458 laudum
540 2426 673 2459 cantica.

859 2285 892 2316 2.
919 2284 1043 2316 Helena
1070 2291 1192 2327 martyr
1217 2289 1312 2322 hodie

920 2332 1035 2365 Carnis
1061 2335 1185 2368 abiecto
1211 2339 1354 2377 pondere

919 2380 1077 2414 Caelestis
1103 2384 1207 2416 aulam
1235 2388 1342 2419 curiae

918 2429 1052 2462 Scandit
1078 2431 1119 2463 de
1144 2434 1256 2466 mundi
1281 2444 1423 2472 carcere.
