1653 2656
734 143 993 180 —277—

409 274 479 306 463.
521 276 555 308 In
578 278 669 312 Festo
690 281 908 323 Reliquiarum
931 287 1118 322 Exoniensis
1140 292 1309 326 Ecclesiae.

670 352 722 380 Ad
751 353 1050 386 Processionem.

425 433 532 476 Salve,
560 435 643 470 festa
670 440 750 483 dies,
778 446 845 474 toto
872 446 1066 479 venerabilis
1093 459 1181 490 aevo,

472 484 540 524 Qua
567 485 664 518 datur
689 488 721 520 in
749 491 847 523 caelis
873 493 976 532 gloria
1005 496 1100 536 digna
1132 498 1208 534 Deo.

425 530 497 562 Sint
524 533 622 566 decus
648 537 814 577 ecclesiae,
842 542 953 573 mundi
981 543 1078 575 decor
1103 550 1134 577 et
1162 548 1260 580 robur
1286 551 1377 583 urbis

471 579 585 620 Huius,
613 593 691 623 quos
718 585 814 618 hodie
837 597 915 628 grex
944 592 1030 623 canit
1054 593 1115 624 iste
1143 595 1240 630 Petri.

365 626 398 658 5.
425 627 576 661 Gaudeat
601 631 727 664 Exonia
753 638 801 666 tot
825 640 953 669 sanctos
981 642 1236 676 concelebrando

470 677 534 708 Per
560 687 638 718 quos
665 685 713 712 est
740 683 822 714 votis
848 694 944 725 saepe
971 689 1073 727 potita
1100 692 1176 725 suis,

419 723 479 755 His
506 723 604 767 favet,
631 727 700 768 ipse
728 730 824 773 Deus⁷
853 732 963 765 horum
993 738 1115 769 meritis
1142 744 1173 770 et
1199 750 1308 774 amore

468 772 572 813 Saepe
598 777 712 809 nociva
739 777 838 818 fugat,
868 781 923 812 dat
950 783 1042 826 bona,
1070 786 1151 818 mira
1177 793 1295 828 patrat.

420 819 559 854 Labitur
585 832 622 855 ex
649 826 730 857 turri
756 827 884 866 quidam
912 840 971 862 nee
997 832 1147 874 laeditur,
1175 837 1258 869 alter

341 866 394 899 10.
471 869 543 901 Huc
570 873 715 904 manibus
742 884 858 915 repens
885 878 959 910 hinc
986 882 1067 919 pede
1093 892 1189 916 sanus
1215 886 1293 919 abit.

414 916 456 948 Et
483 927 565 957 puer
590 924 622 951 et
648 922 764 954 mulier
789 928 946 958 contracti
974 930 1186 963 restituuntur

465 966 538 997 Huc
564 968 639 999 dum
666 974 752 1002 muta
780 974 867 1004 venit
893 974 929 1006 fit
955 978 1112 1009 veniendo
1138 980 1280 1020 loquens.

415 1013 578 1052 Quaedam
606 1018 705 1048 surda
731 1019 825 1051 simul
853 1026 882 1052 et
910 1028 996 1055 muta
1023 1035 1138 1065 sopore
1165 1030 1267 1062 soluta

462 1062 525 1093 Hie
549 1065 666 1096 meruit
694 1066 824 1106 duplam
853 1071 940 1101 vocis
964 1077 995 1102 et
1021 1075 1086 1104 oris
1113 1085 1217 1114 opem.

338 1108 393 1141 15.
421 1109 546 1141 Debilis
573 1116 603 1142 et
630 1117 746 1154 mutus,
774 1125 791 1146 a
821 1122 932 1150 sancto
959 1119 1184 1154 Glastoniense

458 1158 569 1190 Iussus
597 1164 631 1191 ut
657 1161 709 1192 hic
736 1163 858 1204 vigilet,
886 1171 977 1205 paret
1005 1178 1168 1210 ovansque
1196 1174 1290 1208 redit.

413 1205 545 1238 Plaudit
571 1207 655 1240 laeta
682 1219 776 1242 manu
803 1214 918 1246 mulier
942 1216 1031 1255 prius
1060 1219 1151 1250 arida
1178 1230 1294 1255 nervos

457 1253 578 1287 Libera
606 1263 738 1290 curvato
766 1269 835 1291 cum
863 1261 899 1293 fit
924 1264 964 1295 ab
992 1274 1096 1305 ungue
1124 1268 1206 1302 vola.

410 1300 533 1334 Lumen
560 1313 643 1344 aqua
668 1308 757 1347 putei
785 1308 898 1342 baculo
924 1313 1086 1345 mediante
1118 1318 1241 1357 recepit

327 1348 382 1382 20.
460 1350 583 1383 Caecus
610 1356 645 1385 ut
669 1355 701 1386 in
728 1355 814 1388 Siloe
840 1359 886 1391 sio
912 1366 1067 1400 operante
1094 1364 1175 1399 Deo.

403 1398 585 1432 Innumeris
610 1402 682 1434 aliis
709 1403 767 1435 hos
795 1406 941 1439 Christus
969 1411 1153 1444 mirificavit

451 1446 567 1488 Signis,
595 1459 676 1490 quae
702 1459 861 1492 nequeunt
888 1457 947 1488 sub
976 1458 1134 1492 brevitate
1160 1464 1231 1494 caui

403 1494 439 1526 ln
466 1495 605 1529 Domino
631 1501 761 1542 sanctis,
791 1503 833 1534 sit
858 1504 889 1535 in
918 1505 996 1545 ipsis
1023 1508 1126 1548 gloria
1153 1511 1282 1544 Christo

450 1543 551 1577 Nobis
578 1547 631 1586 qui
659 1548 713 1579 det
740 1558 794 1582 eos
820 1560 948 1592 semper
972 1556 1086 1587 adesse
1109 1559 1191 1598 pios.

246 1636 337 1664 Psalt.
373 1647 425 1665 ms,
462 1640 633 1670 Exoniense
662 1651 737 1671 saec.
768 1644 840 1674 ¹¹s12.
871 1648 941 1676 cod.
963 1651 1128 1681 Londinen.
1152 1656 1235 1683 Harl.
1257 1656 1322 1685 863.
1346 1661 1402 1688 add
1424 1670 1500 1691 saec.

169 1672 212 1702 14.
234 1690 271 1693 —
296 1677 400 1704 Absch.
423 1688 481 1706 von
502 1680 574 1707 Rev.
597 1682 635 1708 H.
658 1683 694 1710 N.
716 1685 882 1714 Bannister.

387 1859 457 1892 464.
498 1861 533 1893 In
554 1863 777 1898 Translatione
799 1877 840 1899 ss.
862 1869 1082 1911 Reliquiarum
1104 1874 1264 1908 Ecclesiae

569 1920 593 1943 s.
617 1913 801 1947 Frambaldi
823 1917 1080 1953 Silvanectensis.

671 1986 712 2013 In
741 1985 764 2014 l.
794 1989 984 2026 Vesperis.

160 2066 190 2098 1.
218 2065 410 2101 Sanctorum
436 2071 528 2104 nobis
554 2075 678 2106 meritis
859 2081 891 2113 3.
918 2081 1082 2114 Abbatum
1110 2089 1221 2117 sancta
1248 2087 1365 2119 caritas

215 2115 270 2159 Te,
300 2116 440 2159 Christe,
469 2121 730 2157 collaudantibus
921 2129 1022 2161 Nobis
1049 2136 1192 2171 praestet
1219 2135 1385 2179 auxilium,

214 2164 342 2198 Adesto
367 2167 431 2199 tuis
458 2169 579 2202 inclitis
918 2177 1177 2220 Reginammque
1199 2184 1355 2217 sanctitas

212 2213 347 2246 Donans
375 2214 522 2249 effectum
549 2219 713 2255 laudibus.
915 2226 1006 2258 Votis
1033 2229 1113 2260 assit
1140 2230 1315 2265 humilium.

151 2310 185 2342 2.
214 2309 410 2343 Sacerdotes
438 2315 471 2344 et
495 2317 662 2353 praesules
857 2324 888 2355 4.
918 2324 1031 2356 Multis
1058 2331 1242 2359 sanctorum
1269 2331 1419 2369 praedita

213 2357 279 2390 Sua
303 2362 473 2392 servantes
500 2371 636 2404 corpora
916 2372 1073 2406 Membris
1099 2375 1236 2415 plaudat
1263 2379 1409 2422 eeclesia,

213 2405 282 2438 Nos
305 2416 416 2440 servos
443 2414 575 2443 servent
600 2416 739 2457 xesules,
915 2420 1073 2454 Thesauri
1098 2424 1158 2456 sibi
1187 2427 1312 2460 credita

209 2454 332 2488 Nostra
357 2457 538 2498 gubernent
562 2464 720 2504 tempora,
915 2469 1005 2502 Sacri
1033 2472 1140 2504 colens
1170 2472 1318 2516 insignia.
