1653 2656
749 127 1010 163 *247—

209 215 242 248 5.
271 214 376 248 Cincti
403 216 481 250 fune
506 219 692 261 importune
913 227 942 260 7.
969 226 1080 267 Spina,
1109 237 1212 265 cruce,
1241 230 1322 262 mira
1347 230 1419 262 luce

316 263 482 299 Teruntur
508 278 596 301 more
623 272 757 315 scoriae,
1017 276 1140 316 Lapsos
1167 277 1258 308 trahe
1288 278 1443 319 piissime,

270 312 354 352 Iesu,
382 314 481 347 letum
508 316 612 359 aufer,
639 323 769 362 metum,
968 324 1040 355 Iesu
1067 323 1170 366 fortis,
1199 326 1283 357 liber
1308 327 1430 367 mortis,

317 361 484 402 Splendor
502 368 668 405 paternae
692 368 827 409 yloriae.
1016 372 1155 404 Aeterne
1180 383 1237 405 rex
1261 374 1430 407 altissime.

207 448 239 480 6.
270 448 380 481 Vitam
406 460 522 492 puram
550 459 582 484 et
609 463 754 487 securam
908 459 939 491 8.
967 459 1167 493 videntium.
1198 461 1372 492 tacentium

317 497 485 532 Victorum
514 501 720 544 interemptio
1017 507 1110 538 More
1137 513 1308 549 tyrannum
1335 510 1465 549 adeunt,

267 545 369 578 Ferat
394 556 522 589 pacem,
549 559 629 591 auge
653 549 767 591 facem,
968 554 1054 586 Fluit
1082 556 1178 591 unda,
1207 557 1300 588 rubet
1326 558 1454 598 munda,

315 594 404 637 Iesu,
433 600 549 629 nostra
573 599 764 640 redemptio,
1019 603 1142 635 Vexz’lla
1170 605 1252 644 reglis
1273 606 1449 645 prodeunt.

576 686 608 718 9.
638 685 741 728 Nunc,
770 688 919 721 victores.
948 690 1172 730 conductores,

683 735 768 766 Iram
795 735 929 768 aufferte
954 737 1071 777 perfidi

636 781 703 814 Nos
730 784 859 823 tuendo,
888 785 1072 817 inducendo

680 831 737 863 Ad
761 842 876 864 cenam
903 834 982 874 ayni
1002 834 1149 874 providi.

279 923 366 950 Brev.
387 933 439 951 ms.
462 924 692 953 Franciscanum
715 928 786 954 anni
811 926 892 955 1492.
916 929 988 956 Clm.
1011 930 1164 957 Mouacen.
1188 930 1292 958 23152.

650 1106 713 1137 413.
756 1107 798 1137 De
820 1110 928 1138 sancto
950 1108 1095 1139 Matthia.

205 1203 235 1236 1.
265 1204 497 1243 Apostolorum
523 1205 556 1237 in
583 1207 697 1238 ordine
904 1211 934 1241 5.
964 1209 1127 1241 Sistnntur
1153 1211 1281 1242 interim
1309 1212 1371 1243 duo

263 1251 326 1283 Dei
352 1253 505 1285 sacerdos
532 1254 689 1286 Matthias
964 1258 1137 1289 Praesente
1163 1266 1347 1291 sanctorum
1374 1261 1480 1296 choro,

263 1300 345 1332 Fide
371 1301 535 1340 probatur
557 1303 680 1341 inclita,
963 1306 1076 1337 Testes
1104 1306 1235 1339 fuerunt.
1258 1309 1311 1348 qni
1336 1310 1453 1349 integri

263 1348 406 1381 ‹ssanatur
431 1350 498 1382 alta
524 1350 639 1391 gloria.
963 1355 1114 1386 Iohannis
1142 1366 1157 1387 a
1187 1356 1390 1397 baptismate.

202 1438 233 1467 2.
263 1436 362 1468 Iudas
389 1435 532 1469 nefando
559 1439 693 1470 crimine
900 1443 930 1474 6.
960 1441 1086 1474 Deinde
1114 1443 1242 1475 Christo
1271 1445 1388 1485 iudice,

260 1484 344 1516 Dum
365 1485 528 1517 Christum
547 1487 665 1527 iniquis
681 1489 837 1527 traderet,
958 1491 1094 1522 Arbitro
1121 1493 1236 1523 mentis
1263 1493 1405 1531 intimae,

260 1533 301 1564 Et
330 1533 441 1565 debita
466 1536 627 1567 sententia
959 1540 1171 1578 Apostolatus
1198 1550 1330 1573 munere

262 1581 321 1613 Est
347 1586 451 1614 morte
478 1588 591 1623 raptus
618 1585 769 1625 pessima,
963 1587 1039 1619 Sors
1068 1598 1143 1620 vera
1169 1589 1329 1622 Matthiae
1356 1591 1444 1623 exiit.

196 1666 227 1699 3.
257 1667 348 1699 Tunc
374 1670 559 1710 congregati
586 1671 725 1710 apostoli
905 1674 935 1706 7.
963 1675 1022 1713 Qui
1049 1685 1164 1715 nempe
1191 1677 1294 1708 sancti
1320 1678 1466 1717 protinus

259 1715 375 1748 Casum
403 1717 551 1750 videntes
578 1719 695 1759 perfidi
958 1722 1123 1756 lufusione
1149 1725 1283 1765 spiritus

258 1765 307 1796 De
333 1765 430 1805 plebe
456 1772 615 1806 quaerunt
640 1769 796 1812 undique,
960 1772 1039 1805 Cum
1067 1775 1183 1805 ceteris
1211 1779 1258 1805 est
1284 1775 1423 1807 omnium

258 1813 358 1845 Iudae
383 1814 455 1846 loco
481 1825 575 1856 quem
603 1817 791 1858 subrogent.
959 1821 1093 1861 Linguis
1121 1823 1246 1854 locutus
1273 1825 1425 1863 gentium.

192 1903 226 1933 4.
254 1901 419 1934 Orationis
445 1903 569 1944 impetu
897 1910 930 1942 8.
958 1909 1020 1941 Hic
1046 1911 1259 1951 praedicandi
1285 1912 1415 1943 oraculo

254 1949 357 1982 Simul
383 1956 561 1991 precantur
587 1953 628 1985 ad
656 1954 773 1994 Deum,
957 1959 1107 1998 Implevit
1135 1959 1222 1991 orbis
1249 1960 1403 1991 circulum

251 1999 314 2039 Qui
340 2000 441 2032 corda
467 2002 559 2034 novit
584 2003 739 2042 omnium,
955 2007 997 2038 Et
1024 2007 1129 2047 pergit
1157 2008 1198 2039 ad
1226 2009 1377 2040 caelestia

250 2047 354 2080 Daret
379 2049 564 2082 ministrum
592 2060 779 2092 congruum.
943 2042 1076 2088 ¹Christi
1105 2065 1222 2088 canens
1249 2057 1420 2098 magnalia.

562 2140 593 2172 9.
623 2138 734 2172 Gloria
762 2141 849 2180 patri
876 2142 1030 2182 ingenito,

620 2187 734 2220 Gloria
759 2190 927 2230 unigenito

620 2236 691 2269 Una
719 2246 789 2269 cum
817 2242 929 2269 sancto
957 2239 1073 2279 spiritu

618 2285 655 2316 In
682 2286 883 2326 sempiterna
909 2287 1048 2320 saecula.

263 2379 395 2415 Legend.
418 2389 471 2406 mS.
493 2380 719 2409 Mediolanense
741 2390 818 2409 saec.
843 2380 887 2409 13.
911 2383 982 2410 Cod.
1005 2384 1194 2411 Ambrosian.
1216 2385 1238 2412 C
1262 2384 1316 2414 125
1339 2388 1389 2414 inf.
1407 2403 1445 2407 —
1465 2388 1487 2418 1,
1511 2389 1529 2417 2

183 2417 242 2445 Dei
270 2417 353 2446 fehlt.
382 2435 419 2438 —
448 2416 476 2452 2,
501 2418 513 2446 l
542 2419 701 2456 Iudasque.
723 2435 760 2439 —
782 2420 809 2452 5,
840 2419 858 2448 3
884 2423 1041 2459 integram.
1063 2438 1100 2441 —
1122 2422 1147 2455 6,
1175 2422 1192 2450 2
1217 2427 1324 2452 mentis
1351 2427 1468 2456 interie.
1490 2444 1527 2448 —

184 2455 210 2489 7,
233 2453 252 2484 3
272 2459 318 2484 est
338 2457 421 2485 fehlt.
