1653 2656
689 163 951 198 —197-

570 267 633 299 331.
676 269 717 300 De
739 278 763 301 s.
786 270 924 304 Iohanne
944 273 1066 314 Evang.

708 331 760 358 Ad
786 332 937 361 Nonam.

153 397 184 431 1.
212 399 374 433 Reversus
401 402 442 434 ab
470 405 584 437 exsilio
850 412 881 444 4.
910 411 1079 444 Cratonem
1110 423 1178 446 cuin
1208 416 1375 456 discipulis

212 447 249 479 ln
276 448 440 488 Ephesum
468 452 660 497 ingrederis,
909 460 1025 492 Trahis
1051 471 1069 493 a
1096 463 1182 494 cultu
1211 465 1409 506 daemonum,

214 495 278 528 Ubi
304 506 375 529 cum
402 509 518 540 magno
544 503 662 542 gaudio
909 509 969 547 Qui
996 518 1136 549 gemmas
1164 520 1270 544 coram
1296 514 1425 553 populis

211 545 241 576 A
268 547 388 585 populo
416 548 581 589 reciperis,
908 557 1028 589 Plausu
1055 556 1222 599 fregerunt
1248 561 1408 593 hominum

152 630 184 664 2.
213 630 298 663 Dum
326 633 462 667 clamat:
489 636 531 667 sit
555 646 574 668 a
600 639 738 679 numine,
853 644 884 675 5.
913 643 966 675 Sic
992 648 1135 676 nostrum
1164 655 1218 678 cor
1245 648 1404 687 contritio,

209 680 270 718 Qui
298 681 396 713 vitam
422 687 568 722 praestat
595 686 726 728 homini,
910 691 1078 731 Iohannes,
1108 693 1186 725 dure
1213 698 1370 735 torqueat,

208 727 418 770 Benedictus,
446 731 478 763 in
505 734 633 765 nomine
909 740 998 779 Quod
1026 745 1140 773 cuncta
1167 741 1252 774 facta
1279 744 1355 775 vitio

205 776 266 816 Qui
292 778 391 814 venit,
419 787 504 819 ecce,
533 780 674 816 Domini.
906 787 1008 819 Nobis
1036 789 1154 821 deflere
1180 791 1289 824 libeat.

142 863 176 895 3.
205 862 295 894 Tunc
322 864 517 898 Drusianam
544 869 681 901 suscitas
843 874 874 907 6.
903 873 1072 906 Servemus
1100 886 1179 916 pure
1205 879 1358 919 regulam,

204 911 355 944 Pulsatus
383 914 445 953 piis
472 916 624 955 precibus
903 922 1030 954 Statuta
1059 928 1185 963 patrum
1212 927 1361 964 omnium,

202 958 375 1003 Fidelium,
405 972 476 994 nam
505 965 623 997 caritas
898 970 940 1001 Et
968 976 1105 1003 mentem
1124 977 1265 1004 nostram
1284 976 1469 1014 quaerulam

198 1007 278 1039 Eius
305 1011 452 1043 subvenit
479 1013 637 1046 omnibus.
898 1017 969 1049 Non
998 1017 1094 1051 faciat
1123 1020 1334 1056 daemonium.

518 1100 548 1133 7.
576 1101 677 1132 Patri.
705 1106 790 1143 nato,
818 1105 986 1143 paraclito.

213 1180 350 1209 Officium
373 1192 482 1210 novum
507 1185 585 1212 beati
609 1186 730 1214 Iohanis
753 1189 823 1224 imp.
845 1190 999 1217 Bononiae
1025 1190 1105 1218 1525.

545 1332 612 1364 332.
655 1335 696 1365 De
717 1344 740 1366 s.
764 1335 900 1367 Iohanne
923 1336 1044 1378 Evang.

659 1396 682 1422 A
696 1398 713 1423 d
740 1397 936 1433 Vesperas.

129 1467 161 1501 1.
191 1467 310 1501 Divina
335 1472 502 1510 generatio
830 1478 862 1508 5.
889 1476 932 1508 Et
959 1481 1033 1508 tunc
1062 1476 1197 1510 festinus
1222 1479 1393 1520 insequens

192 1517 255 1549 Per
280 1521 312 1549 te
339 1518 432 1550 nobis
459 1519 595 1552 innotuit
889 1525 981 1565 Equo
1009 1535 1117 1557 carum
1146 1527 1350 1568 discipulum,

187 1565 230 1597 Et
257 1566 331 1599 Iesu
358 1568 569 1607 praedicatio,
888 1573 1058 1606 Clamabas
1085 1575 1148 1607 ista
1174 1585 1387 1616 prosequens:

188 1615 248 1654 Qui
275 1615 354 1647 nulli
381 1626 521 1657 unquam
548 1618 667 1652 nocuit.
885 1622 967 1660 Quid
996 1621 1078 1663 fugis
1104 1623 1199 1655 istum
1227 1625 1394 1657 vetulum?

127 1701 160 1734 2.
185 1701 276 1741 Quod
304 1706 373 1734 erat
400 1703 432 1734 in
460 1704 622 1744 principio
825 1709 855 1743 6.
885 1709 980 1751 Redi,
1006 1709 1053 1741 fili
1081 1710 1276 1753 dulcissime,

187 1749 328 1782 Verbum
357 1755 388 1783 et
416 1752 546 1784 verbum
576 1753 714 1787 dulciter
883 1758 935 1790 Ad
963 1767 1023 1797 me,
1050 1759 1104 1798 qui
1131 1759 1190 1791 tibi
1216 1761 1360 1800 spondeo

180 1800 281 1838 Apud
308 1799 423 1838 Deum,
452 1801 579 1841 eloquio
887 1806 957 1838 Pati
985 1807 1068 1839 velle
1094 1808 1282 1848 gravissime

183 1847 304 1879 Scribis
332 1853 387 1880 tuo
414 1850 584 1883 veraciter.
880 1855 944 1887 Pro
970 1865 1072 1887 naevo
1100 1857 1144 1887 tui
1173 1855 1280 1890 felleo.

118 1933 155 1967 3.
181 1934 207 1967 Ο
233 1944 389 1976 perquam
417 1946 532 1978 magna
556 1939 674 1971 caritas
823 1943 852 1975 7.
882 1944 925 1976 Ut
953 1952 1010 1975 nos
1036 1953 1200 1976 servemus
1227 1945 1377 1988 animam,

181 1983 217 2015 In
245 1987 300 2016 tuo
327 1985 415 2017 dulci
440 1989 573 2026 pectore
881 1991 1050 2032 Iohannes,
1078 1992 1110 2024 in
1138 1994 1299 2035 caelestia,

178 2032 339 2073 Ardebat,
366 2043 461 2074 quam
487 2036 662 2076 antiquitas
876 2041 1077 2080 Frangamus
1104 2041 1203 2073 vitam
1231 2044 1403 2082 pessimam

179 2081 316 2114 Audivit
342 2083 431 2115 nullo
458 2087 614 2124 tempore.
875 2088 918 2120 Et
945 2090 1012 2120 eius
1040 2089 1212 2123 desideria.

116 2169 154 2201 4.
181 2167 260 2201 Cum
287 2170 455 2210 requirens
483 2171 676 2212 depositum,
816 2176 848 2208 8.
875 2175 954 2207 Cum
983 2176 1104 2217 cogerit
1129 2178 1304 2210 necessitas

177 2217 349 2260 Iohannes,
379 2218 421 2251 ab
447 2220 604 2263 antistite,
875 2223 1049 2256 Reddendi
1075 2224 1144 2257 Deo
1172 2225 1326 2266 debitum,

178 2265 370 2308 Intelligens
398 2267 593 2308 depertitum
874 2272 965 2304 Tunc
991 2272 1120 2305 Christo
1146 2277 1202 2306 tua
1228 2275 1345 2307 caritas

174 2313 239 2347 Diu
265 2313 385 2347 flevisti
412 2316 549 2350 concite.
874 2320 1028 2354 Nostrum
1056 2323 1257 2355 commendet
1285 2324 1445 2364 spiritum.

492 2406 523 2437 9.
553 2405 653 2446 Patri,
682 2410 768 2446 nato,
796 2407 968 2447 paraclito.

184 2487 322 2517 Officium
344 2498 454 2516 novum
478 2490 555 2517 beati
577 2491 721 2519 Iohannis
741 2494 811 2529 imp.
834 2494 987 2523 Bononiae
1012 2495 1092 2523 1525.
