1653 2656
747 155 1007 191 —255—

205 241 237 274 7.
264 241 385 276 Divina
411 245 459 277 vis
485 256 558 279 mox
586 249 703 289 adfuit,

158 289 160 293 ’
265 289 450 333 Laetusque
476 305 558 336 puer
583 299 721 340 prosilit,

267 339 426 381 Civesque
453 343 677 378 Cathalaunici

265 386 306 419 Se
333 398 426 422 sacro
454 392 531 424 dant
559 393 757 434 baptismati.

203 482 236 515 8.
264 483 383 516 Petunt
408 487 595 531 gaudentes,
624 492 794 524 Memmius

264 531 309 564 Ut
335 538 421 565 esset
447 535 536 567 urbis
563 539 730 579 maximus,

261 579 471 622 Sumpsitque
497 585 623 617 culmen
650 588 825 620 cathedrae

262 628 341 660 illos
368 631 526 670 replendo
552 633 681 667 lumine.

929 256 960 287 9.
988 256 1050 287 Hic
1077 261 1226 298 patrator
1252 259 1435 301 insignium,

988 304 1116 337 'l‘urmis
1143 307 1294 339 addictus
1322 309 1481 349 caelitum,

987 351 1087 395 [Deo]
1116 354 1200 387 ferat
1227 355 1378 397 suffragia

987 399 1182 445 [Nobisque]
1211 409 1324 443 poscat
1351 406 1505 445 praemia.

903 496 957 528 10.
987 496 1056 528 Deo
1082 499 1168 537 patri
1195 500 1238 532 sit
1263 501 1363 540 gloria

984 544 1126 586 Eiusque
1153 548 1212 578 soli
1240 548 1305 580 filio

985 593 1063 626 Cum
1091 595 1208 634 spiritu
1234 598 1392 636 paraclito

982 640 1025 672 Et
1054 652 1137 674 nunc
1164 647 1195 674 et
1221 644 1253 675 in
1281 649 1484 685 perpetuum.

279 728 368 755 Brev.
390 729 629 759 Cathalauuense
651 734 721 769 imp.
743 735 870 763 virduni
894 735 975 765 1570.

676 895 743 925 427.
786 896 827 927 De
848 906 870 928 s.
893 897 1054 930 Mercurio.

196 982 226 1016 1.
255 983 423 1017 Glorietur
448 988 603 1020 Armenia

255 1031 359 1064 Tanta
385 1034 477 1073 prole
505 1035 678 1074 Mercurio,

256 1079 383 1112 Laudat
407 1081 586 1114 Samnitum
614 1086 720 1124 patria

255 1127 321 1159 Sub
349 1129 416 1160 eius
442 1132 634 1169 patrocinio.

190 1223 209 1255 [0

215 1247 222 1256 .
249 1225 294 1255 At
319 1227 353 1256 tu
379 1235 458 1265 prae
485 1228 620 1268 cunetis,
648 1229 788 1271 Sainnia,

246 1272 326 1304 Eius
354 1272 437 1306 freta
464 1276 629 1314 praesidio

245 1319 370 1361 Gaude,
399 1323 495 1355 laude
522 1325 667 1364 tripudia

246 1369 310 1401 Pro
336 1374 427 1402 tanto
454 1371 622 1407 beneficio.

186 1465 218 1498 3.
246 1465 309 1496 Hic
335 1470 424 1498 ortus
450 1467 482 1499 in
509 1468 664 1501 Armenia

245 1513 325 1544 Post
350 1515 435 1546 sacri
463 1514 560 1548 fontis
588 1518 735 1557 gratiam,

245 1562 314 1601 Qua
342 1563 513 1596 dicebatur
539 1566 678 1606 Mansia,

243 1609 378 1642 Secutus
405 1616 454 1643 est
480 1613 638 1647 militiam¹

184 1707 218 1740 4.
246 1707 337 1739 Tunc
363 1708 482 1741 Decius
509 1716 702 1752 peremerat,

243 1756 330 1794 Quos
356 1757 443 1789 unda
469 1767 565 1791 sacra
592 1760 745 1804 tinxerat,

242 1804 439 1846 Philippum,
468 1811 593 1847 patrem
621 1815 652 1840 et
679 1809 793 1854 filium,

239 1854 317 1884 Cum
343 1859 494 1895 regerent
519 1856 701 1897 imperium.

176 1951 208 1984 5.
236 1951 273 1982 In
301 1951 390 1983 cuius
416 1960 522 1992 poena
548 1955 691 1997 sceleris,

230 1999 385 2041 Mercuri,
413 2001 469 2032 lux
498 2003 682 2045 Armeniae,

229 2048 345 2080 Poenis
371 2053 403 2081 te
430 2050 486 2082 dat
512 2051 690 2086 innumeris

229 2096 273 2129 Et
299 2098 386 2130 omni
412 2101 635 2136 contumeliae.

916 994 948 1026 6.
976 995 1145 1035 Scriptura
1172 1008 1284 1039 nempe
1311 1001 1461 1042 loquitur.

978 1044 1070 1081 Quod
1091 1046 1218 1085 malum,
1240 1049 1325 1087 quod
1340 1060 1401 1082 non
1416 1051 1528 1093 luitur,

976 1091 1077 1122 Reum
1105 1094 1206 1125 trahit
1232 1097 1274 1127 ad
1300 1097 1363 1129 alia

975 1139 1093 1172 Divina
1118 1142 1158 1173 de
1187 1144 1319 1176 iustitia.

914 1234 943 1268 7.
972 1236 1015 1267 Et
1042 1241 1075 1268 ut
1103 1239 1207 1270 scelus
1236 1242 1383 1274 acerbius

971 1284 1101 1317 Reddat
1127 1287 1241 1320 infelix
1268 1290 1386 1323 Decius

971 1332 1073 1365 Roma
1100 1336 1262 1374 privatum
1289 1340 1391 1379 gloria

967 1381 1094 1421 Ingulat
1121 1384 1153 1415 in
1183 1384 1345 1420 Caesaria.

913 1477 945 1508 8.
973 1478 1031 1516 Qui
1058 1478 1160 1511 Roma
1188 1483 1237 1513 vel
1265 1486 1417 1518 Armenia

971 1526 1047 1557 Plus
1075 1531 1106 1558 te
1134 1529 1258 1569 dilexit,
1287 1532 1426 1567 Samnia.

972 1574 1039 1605 illis
1065 1577 1220 1610 adversos
1248 1580 1408 1622 subigens.

969 1622 1014 1654 Te
1040 1624 1101 1655 sibi
1129 1635 1258 1667 semper
1283 1630 1414 1671 eligens.

907 1718 939 1750 9.
964 1719 1048 1758 Quos
1075 1722 1198 1761 placuit
1226 1726 1344 1767 eligere

966 1768 1021 1811 Te,
1050 1777 1185 1813 martyr,
1214 1783 1342 1815 semper
1369 1779 1483 1813 colere,

964 1816 1032 1848 Hos
1059 1823 1090 1850 et
1117 1824 1150 1852 tu
1177 1831 1304 1863 semper
1330 1832 1473 1868 protege,

962 1865 1046 1897 Dum
1072 1872 1178 1901 terrae
1206 1882 1313 1904 sumus
1340 1875 1474 1909 incolae.

878 1961 933 1995 10.
962 1963 1116 2003 Mercuri,
1145 1972 1270 2008 martyr
1295 1970 1416 2005 inclite.

961 2011 1097 2044 Nostros
1125 2015 1280 2048 clamores
1308 2021 1435 2062 suscipe

959 2060 1131 2103 Tuis[que]
1160 2065 1260 2096 sacris
1286 2069 1436 2106 precibus

954 2108 1078 2141 Munda
1106 2121 1162 2142 nos
1189 2114 1292 2153 culpis
1319 2118 1476 2152 omnibus.

512 2198 566 2231 11.
596 2200 700 2244 Patri,
727 2206 815 2243 nato,
843 2205 973 2245 spiritui

599 2249 718 2282 Omnes
745 2255 911 2285 cantemus
939 2256 1068 2288 cernui:

600 2297 758 2331 Perennis
785 2300 847 2332 tibi
873 2302 987 2343 gloria,

597 2346 657 2386 Qui
685 2347 744 2380 das
770 2352 905 2382 aeterna
931 2353 1086 2392 praemia.

245 2435 408 2464 Collectan.
434 2446 487 2464 ms.
511 2438 667 2469 Constant.
688 2443 826 2472 Caietani
851 2454 927 2474 saec.
952 2446 995 2474 17.
1017 2448 1091 2476 Cod.
1106 2450 1299 2482 Alexaudriu.
1322 2454 1368 2484 96.
1383 2473 1418 2478 -
1442 2459 1467 2493 4,
1490 2459 1508 2489 3

169 2472 338 2510 Philippus.
359 2491 398 2495 —
419 2474 447 2510 8,
471 2476 484 2504 l
507 2478 582 2512 Qua.
