1653 2656
698 145 961 180 —181-

165 230 198 263 3.
226 231 289 264 Per
317 233 470 267 Iudaeam
497 239 710 281 praedicavit,
861 244 894 278 6.
921 245 1081 277 Philetum
1108 248 1237 289 stringit
1264 248 1404 289 funibus,

225 278 340 312 Fidem
368 283 490 316 Christi
518 285 665 320 dilatavit
919 292 983 325 Sed
1011 295 1119 326 Iacobi
1147 296 1318 329 virtutibus

221 326 387 362 Faciendo
414 333 563 374 prodigia
919 341 1021 374 Solvit
1049 343 1154 376 vinela
1180 346 1380 386 stringentia,

219 375 263 407 Et
291 378 381 419 signa
407 381 439 412 in
469 381 624 418 Samaria.
919 389 973 422 Sic
999 391 1103 423 solvat
1129 397 1239 425 nostra
1267 394 1354 426 vitia.

158 482 192 514 4.
222 481 317 515 Hunc
344 485 490 519 Philetus
520 489 709 533 admiratur,
857 495 886 527 7.
915 493 1042 536 Iacobe‚
1070 507 1129 536 pro
1155 499 1246 531 nobis
1273 510 1329 532 ora

217 529 267 562 De
294 532 423 566 Christo
455 536 529 568 dum
557 538 756 582 loquebatur,
915 544 1018 575 Iesum
1046 545 1207 578 Christum
1233 548 1265 579 in
1292 549 1351 581 hac
1378 551 1465 592 hora,

216 579 303 612 Vera
328 582 498 620 probando
524 587 630 618 onmia
916 591 1035 624 Nostra
1064 592 1204 633 fugando
1231 597 1365 629 crimina

218 627 282 659 Per
308 638 385 662 vera
411 633 605 666 testimonia.
915 639 981 671 Nos
1009 641 1107 673 ducas
1134 643 1175 674 ad
1203 645 1366 679 caelestia.

155 734 188 764 5.
216 733 376 767 Virtutem
404 739 507 770 sancti
533 740 643 772 Iacobi
854 745 886 778 8.
914 746 1003 778 Patri
1030 757 1067 778 ac
1093 749 1256 789 unigenito

216 782 364 815 Philetus
391 784 453 817 fert
481 787 686 830 Hermogeni,
915 794 991 826 Cum
1019 796 1146 836 spiritui
1173 799 1330 837 paraclito

215 830 275 869 Qui
303 833 446 872 repletus
471 836 595 869 invidia
913 841 961 874 Sit
987 843 1056 875 laus
1082 853 1210 885 semper
1236 851 1267 877 et
1293 847 1393 886 gloria

216 879 289 911 Non
317 882 458 914 credidit
484 885 616 918 malitia.
913 890 975 922 Per
1000 892 1107 924 saecla
1134 893 1303 927 venientia.

227 985 314 1013 Brev.
336 986 467 1015 Elnense
496 990 564 1024 imp.
588 990 759 1024 Perpiniani
792 990 872 1020 1500.
898 1011 931 1014 —
959 994 991 1025 5,
1023 995 1035 1022 l
1060 996 1216 1024 Virilttem.
1242 1013 1275 1016 —
1304 998 1335 1031 ὕ,
1365 998 1382 1026 ἱ)
1404 1001 1473 1027 Lies

149 1022 296 1051 Iacobus?
318 1041 354 1044 —
375 1023 401 1058 6,
424 1024 442 1053 4
463 1027 562 1054 solvit.
584 1043 621 1046 —
643 1028 668 1061 7,
691 1028 709 1056 4
729 1030 786 1057 due
807 1031 852 1058 ad.

536 1235 591 1267 311.
635 1237 676 1268 De
698 1240 805 1270 sancto
827 1239 937 1271 Iacobo
958 1241 1085 1273 Maiore.

655 1317 704 1344 Ad
726 1318 956 1347 Matutinum.

147 1421 178 1452 1.
206 1421 330 1453 Psallat
357 1422 478 1454 Christi
505 1424 642 1456 ecclesia
840 1430 870 1460 5.
900 1428 948 1460 Ne
976 1429 1101 1461 alerent
1127 1432 1288 1471 incendia,

201 1469 347 1509 Hymnos
374 1474 405 1502 et
431 1471 544 1503 laudes
570 1473 681 1505 Iacobi
897 1478 989 1517 Aqua
1018 1478 1171 1511 damnant
1198 1480 1258 1512 hoc
1284 1483 1440 1515 suadente

201 1517 244 1549 Et
272 1518 356 1550 colat
382 1520 531 1552 natalitia
897 1525 1061 1558 Zabernas
1089 1531 1119 1558 et
1145 1529 1298 1569 cistargia

197 1566 302 1598 Huius
327 1568 430 1599 sancti
457 1569 607 1609 apostoli.
894 1574 995 1606 Plena
1022 1575 1113 1607 libris
1143 1577 1222 1608 artis
1248 1587 1379 1618 pravae.

136 1674 168 1705 2.
195 1672 255 1712 Qui
283 1672 403 1705 devicit
430 1674 599 1707 daemonia
835 1680 866 1712 6.
895 1679 948 1712 Sic
974 1680 1004 1712 in
1034 1681 1154 1714 Christi
1182 1683 1297 1717 militia

195 1721 300 1753 Missa
325 1725 396 1754 arte
424 1723 637 1764 Hermogenis
894 1729 1000 1760 Vincit
1023 1739 1099 1762 vera
1127 1732 1301 1775 humilitas,

193 1769 237 1801 Et
263 1768 359 1811 fregit
384 1771 543 1804 maleficia
892 1777 1099 1811 Submittitur
1125 1781 1286 1823 superbia,

193 1819 275 1850 Arta
304 1819 428 1851 artibus
455 1821 599 1862 magicis.
891 1826 961 1858 Hoc
987 1827 1102 1867 probat
1131 1829 1250 1862 Christi
1280 1833 1410 1866 veritas,

130 1924 164 1957 3.
191 1926 245 1958 Ad
270 1926 379 1959 Iacobi
406 1928 542 1970 imperia
829 1933 859 1966 7,
889 1933 990 1966 Nobis
1019 1944 1170 1968 concessa
1197 1938 1291 1969 venia

189 1975 408 2016 Hermogenes
435 1976 616 2020 deducitur,
888 1982 1081 2015 Nostrorum
1109 1993 1237 2025 semper
1264 1987 1431 2019 criminum

192 2022 256 2056 Sed
284 2024 473 2057 daemonum
502 2027 626 2059 malitia
887 2030 955 2062 Nos
983 2032 1119 2063 collocet
1146 2033 1177 2064 in
1204 2034 1307 2074 gloria

189 2072 305 2114 Magus
332 2073 465 2106 laedens
490 2085 553 2107 non
580 2076 730 2110 laeditur.
888 2079 1047 2122 Christus,
1076 2081 1219 2113 salvator
1239 2084 1391 2118 omnium.

123 2182 156 2215 4.
189 2181 298 2213 Virtus
325 2181 438 2214 divina
463 2182 568 2224 obvia,
824 2186 856 2219 8.
885 2186 934 2218 Sit
960 2186 1030 2218 laus
1057 2188 1142 2226 patri
1169 2192 1201 2219 et
1227 2189 1330 2229 gloria

185 2229 333 2262 Vertitur
358 2235 471 2263 auctor
498 2232 678 2273 criminum,
885 2234 1026 2274 Eiusque
1053 2245 1145 2268 sacro
1172 2236 1238 2269 filio

183 2279 314 2311 Intrans
340 2278 373 2311 in
401 2288 473 2311 eum
499 2280 603 2320 gratia
884 2281 962 2314 Cum
989 2283 1117 2324 spiritu⁷
1142 2285 1195 2325 qui
1223 2289 1271 2317 est
1297 2287 1350 2327 pia

183 2327 297 2365 Docet,
326 2331 362 2359 ut
387 2331 500 2360 noscat
526 2328 710 2364 Dominum,
885 2331 995 2362 Virtus
1022 2336 1117 2372 atque
1145 2333 1287 2369 dilectio.

196 2435 280 2462 Brev.
297 2433 430 2460 Elnense
448 2434 519 2469 imp.
534 2434 709 2470 Perpiniani
728 2434 809 2463 1500.
828 2451 862 2454 —
879 2435 905 2468 5,
922 2433 940 2462 2
956 2436 1012 2464 hoc
1027 2438 1126 2466 suade.
1148 2455 1178 2458 —-
1194 2439 1220 2472 5,
1236 2437 1254 2467 3
1268 2442 1404 2479 citargia.
1419 2459 1456 2465 —

116 2471 143 2506 7,
168 2472 181 2500 l
204 2473 300 2500 Nobis
321 2480 474 2500 concessa.
