1653 2656
731 144 992 180 —178-

624 272 693 304 304.
735 270 776 300 De
797 269 903 300 saneto
926 262 1110 304 Hyacinthe.

712 331 760 358 Ad
784 330 1021 357 Nocturnum.

216 418 246 450 1.
274 416 395 449 Christi
422 413 525 446 fidelis
551 411 679 443 nuntius
899 406 931 438 3.
960 404 1077 436 Rectas
1103 400 1216 432 salutis
1242 397 1371 430 semitas

273 464 355 496 Dum
384 461 589 503 praedicator
613 459 760 493 mittitur,
959 451 1144 491 Dignosque
1168 455 1274 479 mores
1299 445 1411 476 edocet

275 513 395 544 Praeeo
421 509 533 541 salutis
560 507 696 538 caelicus
961 498 1130 538 verboque
1155 500 1289 535 tangens
1315 493 1436 525 animas

273 559 353 591 Late
380 566 438 598 per
463 556 572 588 orbem
598 554 753 586 funditur.
959 547 1011 579 Ad
1040 543 1266 586 paenitendum
1293 543 1480 573 commovet.

217 648 248 680 2.
276 645 401 684 Ubique
429 641 519 674 verbi
543 640 663 672 semina
900 635 934 666 4.
961 632 1012 665 Ab
1041 632 1132 663 hoste
1157 628 1295 671 praedas
1321 626 1428 666 eripit,

276 692 430 731 Rectique
456 689 577 729 spargit
603 687 730 727 lumina,
959 681 1045 712 Dum
1071 680 1150 711 dura
1176 676 1278 708 mollit
1303 680 1435 716 pectora

277 740 396 772 Fluunt
423 738 462 770 ab
489 745 543 768 ore
570 735 704 773 faculae,
963 728 1121 767 Caeloque
1148 725 1262 764 dignos
1288 722 1400 761 efficit,

278 789 371 819 Vitae
398 788 566 817 coruscant
591 783 730 823 regulae.
962 776 1045 808 Dum
1072 773 1191 814 frangit
1217 771 1317 804 hostis
1343 769 1471 802 robora.

624 871 654 901 5.
683 867 767 909 Tibi,
794 867 892 907 Deus,
919 864 960 894 sit
985 861 1096 902 gloria.

294 958 402 992 Hymn.
425 966 478 983 ms.
500 955 528 982 S.
551 954 630 981 Petri
651 953 736 979 Mart.
758 950 878 978 Utinen.
900 956 975 975 saec.
1000 943 1043 973 16.
1064 944 1137 972 Cod.
1158 943 1248 971 civit.
1264 941 1384 970 Utinen.
1406 948 1427 966 s.
1450 947 1478 965 n.
1495 953 1530 957 -

631 1101 700 1132 305.
743 1100 783 1130 De
805 1099 911 1129 sancto
932 1094 1114 1136 Hyacinthe.

767 1158 816 1185 Ad
837 1157 986 1185 Laudes.

226 1243 254 1275 1.
283 1243 353 1273 Vox
379 1250 459 1280 pura
484 1239 593 1272 laudet
618 1238 736 1270 exitum
903 1236 937 1269 3.
963 1233 1075 1264 Ventis
1102 1237 1133 1262 et
1159 1230 1252 1262 undis
1278 1230 1426 1268 imperat,

284 1290 325 1322 Et
353 1298 406 1320 cor
433 1287 568 1320 Iacinthi
594 1286 750 1328 meritum,
966 1281 1098 1312 Fluctus
1122 1282 1279 1310 tumentes
1305 1277 1444 1313 edomat,

286 1338 424 1369 Corusca
450 1336 565 1367 lustrat
589 1333 714 1374 agmina
967 1331 1078 1367 Aquae
1106 1329 1292 1366 stupescunt
1317 1323 1480 1355 fluminum

285 1385 366 1416 Bina
392 1384 524 1415 decorus
549 1382 668 1413 laurea.
968 1377 1098 1415 Iterque
1123 1373 1279 1415 praebent
1303 1371 1453 1403 solidum.

227 1473 259 1505 2.
286 1471 379 1503 Hunc
405 1469 471 1500 vita
496 1469 585 1499 clara
609 1467 740 1503 indicat,
908 1465 941 1496 4.
969 1462 1060 1493 Vitae
1088 1463 1257 1499 resurgunt
1279 1457 1407 1496 mortui,

287 1518 425 1549 Diversa
450 1516 539 1555 signa
564 1516 718 1552 intonant,
971 1509 1148 1548 Claudique
1175 1508 1292 1539 dautur
1315 1504 1448 1545 gressui,

288 1565 428 1605 Secreta,
456 1572 536 1603 quae
561 1563 612 1593 hic
638 1565 779 1599 noverat,
973 1558 1083 1589 Caecis
1110 1558 1276 1596 patescunt
1302 1553 1432 1592 lumina,

288 1613 401 1644 Totum
430 1620 487 1652 per
513 1610 623 1642 orbem
647 1609 823 1649 praedicat.
975 1607 1099 1638 Fantur
1124 1603 1183 1635 Dei
1207 1601 1373 1641 magnalia.

634 1699 665 1728 5.
693 1695 775 1735 Tibi,
804 1693 899 1734 Deus,
928 1692 968 1723 sit
996 1691 1106 1730 gloria.

306 1783 413 1818 Hymn.
437 1791 488 1809 ms.
511 1782 540 1809 S.
563 1781 642 1808 Petri
664 1781 749 1807 Mart.
771 1779 890 1807 Utinen.
915 1785 989 1804 saec.
1013 1774 1055 1803 16.
1078 1775 1149 1802 Cod.
1170 1775 1261 1803 Civit.
1281 1773 1401 1801 Utinen.
1425 1781 1446 1797 s.
1470 1780 1497 1797 n.

644 1930 712 1961 306.
753 1929 794 1959 De
815 1929 923 1959 sancto
945 1925 1129 1966 Hyacintho.

731 1989 781 2016 Ad
804 1988 828 2015 1.
848 1989 1041 2023 Vesperas.

502 2071 532 2103 1.
560 2067 724 2100 Laudibus
749 2065 842 2097 celsis
869 2073 1054 2095 veneremur
1079 2071 1187 2094 omues

558 2117 666 2152 Festa,
694 2123 775 2155 quae
801 2113 891 2145 nobis
917 2111 990 2144 tulit
1017 2111 1096 2142 haec
1120 2110 1259 2142 iucunda

558 2166 626 2204 Qua
653 2164 721 2195 dies
746 2162 859 2193 mirum
885 2160 1034 2192 redolens
1060 2159 1201 2191 Iacintns

651 2211 761 2252 Spirat
785 2210 927 2243 odorem,

507 2303 539 2335 2.
566 2300 646 2332 Inde
671 2298 812 2330 Iacintns
837 2295 951 2327 merito
977 2293 1112 2331 vocaris,

565 2347 716 2380 Floribus
741 2348 897 2387 praestas,
924 2342 1009 2383 quod
1035 2345 1067 2373 et
1092 2341 1158 2373 alta
1183 2341 1282 2373 menti

565 2395 691 2429 Clarior
716 2393 847 2434 gemmis
873 2391 994 2424 residet
1018 2389 1107 2422 virili

656 2442 772 2475 Inclita
797 2441 909 2475 virtus.
