1653 2656
679 142 941 177 —121-

377 228 412 259 4.
441 225 546 271 Regis
573 243 775 277 summopere
801 241 910 274 munia
936 244 1096 282 praebuit,

437 278 581 312 Hostiles
607 285 693 316 acies
720 287 860 328 undique
886 292 1011 329 terruit,

437 325 534 359 Cuius
560 333 726 369 praesidio
752 337 898 375 pervolat
926 339 1051 381 integer

493 375 652 411 Centenos
678 382 772 414 simul
800 385 940 419 ordines

372 470 405 501 5.
433 467 578 506 Eventus
606 477 686 508 varii
714 488 776 511 non
801 481 891 513 timet
919 484 1032 524 exitus,

430 518 512 551 Nam
541 531 610 554 cum
639 525 810 560 Maurilius
837 530 971 564 verbera
995 535 1101 566 acrius

429 567 547 600 Cordis
573 573 709 606 saevitia
735 583 922 618 praeparat,
949 588 1091 624 aggerat,

486 616 599 652 Durat.
630 624 755 660 spernit
783 629 813 656 et
841 626 964 660 incitat.

369 710 401 741 6.
430 706 515 743 Nam
544 715 646 747 tendit
675 726 808 758 superos
835 722 940 754 visere
968 726 1113 763 coelicos,

425 758 624 794 Percurrens
652 767 791 798 stadium
819 768 948 802 fortiter
975 774 1115 815 anxium,

428 807 551 841 Tui-bat
579 813 782 856 sacrilegum,
811 820 931 857 respuit
959 820 1091 862 idolum,

483 857 541 888 Vir
568 859 699 893 damnat
726 863 797 902 pius
823 865 966 907 impium.

366 945 396 977 7.
425 943 510 979 Tolli
538 949 710 984 Maurilius
735 954 873 994 imperat
901 959 1017 1000 acrius,

418 995 461 1026 At
491 996 611 1029 Christi
639 999 777 1034 famulus
804 1004 850 1035 sic
876 1007 955 1046 petit
984 1008 1117 1041 horrida

417 1045 466 1075 Ac
493 1045 519 1075 si
547 1047 680 1079 delicias
707 1052 846 1083 cai-ceris
873 1053 982 1086 abdita

479 1092 540 1124 Pro
567 1095 635 1126 sola
662 1097 735 1129 Iesu
761 1099 873 1138 gloria.

356 1184 386 1214 8.
417 1179 605 1217 instaurans
632 1188 748 1220 iterum
776 1193 902 1232 proelia
929 1202 1100 1228 contumax

412 1231 563 1265 Sanctum
593 1236 714 1268 Caesar
740 1247 776 1270 eo
802 1249 932 1273 carcere
958 1243 1086 1283 liberatq

416 1280 611 1315 Promittens
638 1294 746 1326 onera,
776 1292 807 1319 ut
836 1290 919 1321 colat
947 1292 1043 1334 idola,

468 1328 531 1362 Sed
560 1338 684 1372 martyr
710 1334 802 1375 fugit,
829 1347 938 1371 aurea.

351 1420 384 1451 9.
412 1417 562 1454 Vernaus
587 1425 770 1459 stellivomo
797 1433 908 1468 pastor
935 1432 967 1462 in
994 1433 1135 1468 aethere.

409 1469 541 1502 Votivas
567 1475 717 1512 preculas
744 1477 875 1509 sedulus
902 1481 1023 1520 accipe,

406 1518 491 1557 Quas
519 1518 657 1553 fundunt
685 1522 797 1556 famuli
825 1528 1017 1567 suppliciter
1042 1531 1111 1573 tibi,

463 1566 530 1599 Fac
556 1579 613 1601 nos
640 1573 799 1606 scandere
826 1576 943 1608 sidera.

320 1657 374 1690 10.
403 1655 542 1691 Sublimi
568 1661 706 1695 Domino
733 1665 847 1707 gloria⁷
876 1668 957 1707 laus,
991 1669 1102 1714 honor,

398 1706 457 1746 Qui
484 1714 612 1741 sanctos
635 1712 760 1752 pugiles
788 1714 922 1759 lam-eat,
952 1718 1067 1761 elevat,

401 1755 535 1788 Hostem
564 1759 639 1791 dum
666 1766 799 1801 superat
825 1765 954 1798 roscido
981 1770 1146 1812 sauguine,

458 1805 609 1846 Regnans
634 1810 764 1842 trinitas
791 1813 895 1846 unica.

178 1905 264 1933 Brev.
287 1917 339 1935 ins<
363 1909 447 1936 Rom.
471 1910 577 1940 Curiae
601 1917 671 1941 anni
695 1914 777 1944 1315.
802 1919 871 1945 Cod.
895 1920 989 1948 Vatic,
1012 1920 1098 1950 6069.
1124 1923 1189 1950 add.
1216 1934 1291 1964 saec.
1315 1925 1350 1948 ¹⁴!

101 1940 126 1976 2,
154 1941 172 1971 2
202 1946 345 1974 Adlevam
375 1948 452 1976 fidei.
481 1965 518 1968 —
540 1949 567 1984 2,
594 1951 612 1977 3
642 1955 782 1983 Dextera.
811 1973 845 1976 —
868 1958 894 1991 4,
924 1959 942 1986 4
971 1962 1111 1988 Centeno.
1136 1977 1172 1981 —
1194 1962 1218 1993 7.
1247 1963 1257 1990 1
1291 1968 1381 1993 arius.
1402 1982 1441 1986 —

101 1980 126 2014 7,
151 1980 168 2010 3
198 1987 325 2012 carceris
348 1987 455 2015 obsita.
477 2005 513 2007 —
537 1991 563 2022 ὃ,
586 1991 604 2019 3
626 1992 747 2022 honera.
769 2012 804 2015 ——
831 1995 858 2028 S,
881 1996 899 2024 4
921 2008 1010 2026 aurea
1035 2009 1069 2026 zu
1092 2010 1182 2028 onera
1205 2012 1239 2029 zu
1263 2004 1377 2033 ziehen.
1400 2021 1439 2025 —

103 2019 145 2053 10,
169 2020 187 2050 3
209 2024 345 2052 roseidie.
367 2042 405 2046 —
429 2026 472 2059 10,
495 2027 513 2056 4
536 2032 649 2058 unicas.
672 2048 709 2052 —
733 2034 947 2063 Akrostichou:
978 2038 1228 2068 Laurentius.

1354 1937 1387 1955 15.
1403 1942 1441 1948 -·“

447 2210 520 2242 206.
562 2213 605 2244 De
627 2222 668 2245 ss.
691 2215 815 2256 Septem
839 2216 1082 2250 Dormientibus.

92 2309 121 2342 1.
147 2309 268 2342 Mirum
295 2309 358 2342 Dei
386 2314 592 2351 praeconium
793 2318 824 2349 2.
854 2318 970 2350 lubens
998 2320 1115 2352 Decius
1144 2323 1240 2356 idolis

151 2357 276 2397 Canite‚
304 2367 416 2391 omnes
443 2362 566 2402 populi,
854 2366 1031 2401 Universos
1057 2370 1232 2414 immolare,

150 2406 200 2439 De
227 2410 351 2447 septem
380 2407 626 2452 dormientibus,
852 2417 974 2448 Assunt
1001 2423 1124 2458 septem
1154 2419 1330 2456 Christiani

150 2456 292 2495 Quorum
320 2454 404 2488 festa
432 2457 642 2494 celebramus.
852 2464 889 2496 In
916 2465 1039 2505 Ephesi
1067 2467 1208 2502 civitate.
