<?xml version="1.0" encoding="UTF-8"?>
<!DOCTYPE html PUBLIC "-//W3C//DTD XHTML 1.0 Transitional//EN"
    "http://www.w3.org/TR/xhtml1/DTD/xhtml1-transitional.dtd">
<html xmlns="http://www.w3.org/1999/xhtml" xml:lang="en" lang="en">
 <head>
  <title>
</title>
<meta http-equiv="Content-Type" content="text/html;charset=utf-8" />
  <meta name='ocr-system' content='tesseract 3.04.00' />
  <meta name='ocr-capabilities' content='ocr_page ocr_carea ocr_par ocr_line ocrx_word'/>
</head>
<body>
  <div class='ocr_page' id='page_1' title='image "./analectahymnica43drevuoft/analectahymnica43drevuoft_0155.png"; bbox 0 0 1653 2656; ppageno 0'>
   <div class='ocr_carea' id='block_1_1' title="bbox 738 117 1000 153">
    <p class='ocr_par' dir='ltr' id='par_1_1' title="bbox 738 117 1000 153">
     <span class='ocr_line' id='line_1_1' title="bbox 738 117 1000 153; baseline 0.011 -2"><span class='ocrx_word' id='word_1_1' title='bbox 738 117 1000 153; x_wconf 80' lang='lat'>—152—</span> 
     </span>
    </p>
   </div>
   <div class='ocr_carea' id='block_1_2' title="bbox 462 210 1174 352">
    <p class='ocr_par' dir='ltr' id='par_1_2' title="bbox 462 210 1174 352">
     <span class='ocr_line' id='line_1_2' title="bbox 462 210 1140 258; baseline 0.013 -16"><span class='ocrx_word' id='word_1_2' title='bbox 462 210 494 242; x_wconf 89' lang='lat'><strong>2.</strong></span> <span class='ocrx_word' id='word_1_3' title='bbox 522 210 565 242; x_wconf 85' lang='lat' dir='ltr'><strong>Et</strong></span> <span class='ocrx_word' id='word_1_4' title='bbox 589 220 681 251; x_wconf 91' lang='lat' dir='ltr'><strong>quem</strong></span> <span class='ocrx_word' id='word_1_5' title='bbox 709 214 797 245; x_wconf 85' lang='lat' dir='ltr'><strong>clara</strong></span> <span class='ocrx_word' id='word_1_6' title='bbox 824 216 910 255; x_wconf 79' lang='lat' dir='ltr'><strong>capit</strong></span> <span class='ocrx_word' id='word_1_7' title='bbox 937 217 1023 257; x_wconf 86' lang='lat' dir='ltr'><strong>regia</strong></span> <span class='ocrx_word' id='word_1_8' title='bbox 1048 219 1140 258; x_wconf 84' lang='lat' dir='ltr'><strong>caeli,</strong></span> 
     </span>
     <span class='ocr_line' id='line_1_3' title="bbox 514 258 1174 304; baseline 0.015 -14"><span class='ocrx_word' id='word_1_9' title='bbox 514 258 691 292; x_wconf 86' lang='lat' dir='ltr'><strong>Hortamur</strong></span> <span class='ocrx_word' id='word_1_10' title='bbox 715 262 864 300; x_wconf 86' lang='lat' dir='ltr'>precibus</span> <span class='ocrx_word' id='word_1_11' title='bbox 890 262 1019 297; x_wconf 85' lang='lat' dir='ltr'><strong>flectere</strong></span> <span class='ocrx_word' id='word_1_12' title='bbox 1044 268 1174 304; x_wconf 76' lang='lat' dir='ltr'><strong>uostris.</strong></span> 
     </span>
     <span class='ocr_line' id='line_1_4' title="bbox 562 306 1093 352; baseline 0.015 -14"><span class='ocrx_word' id='word_1_13' title='bbox 562 306 629 339; x_wconf 88' lang='lat' dir='ltr'><strong>Nos</strong></span> <span class='ocrx_word' id='word_1_14' title='bbox 656 313 709 340; x_wconf 90' lang='lat' dir='ltr'><strong>tua</strong></span> <span class='ocrx_word' id='word_1_15' title='bbox 735 313 838 342; x_wconf 87' lang='lat' dir='ltr'><strong>tecum</strong></span> <span class='ocrx_word' id='word_1_16' title='bbox 864 312 968 352; x_wconf 84' lang='lat' dir='ltr'><strong>gratia</strong></span> <span class='ocrx_word' id='word_1_17' title='bbox 990 314 1093 347; x_wconf 79' lang='lat' dir='ltr'><strong>sistat.</strong></span> 
     </span>
    </p>
   </div>
   <div class='ocr_carea' id='block_1_3' title="bbox 460 402 1229 541">
    <p class='ocr_par' dir='ltr' id='par_1_3' title="bbox 460 402 1229 541">
     <span class='ocr_line' id='line_1_5' title="bbox 460 402 1229 455; baseline 0.016 -22"><span class='ocrx_word' id='word_1_18' title='bbox 460 402 491 434; x_wconf 89' lang='lat'><strong>3.</strong></span> <span class='ocrx_word' id='word_1_19' title='bbox 520 402 561 434; x_wconf 89' lang='lat' dir='ltr'><strong>Et</strong></span> <span class='ocrx_word' id='word_1_20' title='bbox 587 413 679 443; x_wconf 90' lang='lat' dir='ltr'><strong>quem</strong></span> <span class='ocrx_word' id='word_1_21' title='bbox 706 406 793 438; x_wconf 84' lang='lat' dir='ltr'><strong>nulla</strong></span> <span class='ocrx_word' id='word_1_22' title='bbox 819 411 926 440; x_wconf 89' lang='lat' dir='ltr'><strong>teuent</strong></span> <span class='ocrx_word' id='word_1_23' title='bbox 954 410 1080 442; x_wconf 80' lang='lat' dir='ltr'><strong>vincula</strong></span> <span class='ocrx_word' id='word_1_24' title='bbox 1107 413 1229 455; x_wconf 82' lang='lat' dir='ltr'><strong>mortis,</strong></span> 
     </span>
     <span class='ocr_line' id='line_1_6' title="bbox 513 449 1185 499; baseline 0.015 -17"><span class='ocrx_word' id='word_1_25' title='bbox 513 449 577 483; x_wconf 88' lang='lat' dir='ltr'><strong>Sed</strong></span> <span class='ocrx_word' id='word_1_26' title='bbox 603 454 731 492; x_wconf 84' lang='lat' dir='ltr'><strong>captiva</strong></span> <span class='ocrx_word' id='word_1_27' title='bbox 757 455 873 487; x_wconf 85' lang='lat' dir='ltr'><strong>cubant</strong></span> <span class='ocrx_word' id='word_1_28' title='bbox 900 461 931 488; x_wconf 89' lang='lat' dir='ltr'><strong>et</strong></span> <span class='ocrx_word' id='word_1_29' title='bbox 955 459 1038 498; x_wconf 86' lang='lat' dir='ltr'><strong>pede</strong></span> <span class='ocrx_word' id='word_1_30' title='bbox 1062 468 1185 499; x_wconf 84' lang='lat' dir='ltr'><strong>pressa,</strong></span> 
     </span>
     <span class='ocr_line' id='line_1_7' title="bbox 555 499 1098 541; baseline 0.017 -11"><span class='ocrx_word' id='word_1_31' title='bbox 555 499 693 532; x_wconf 87' lang='lat' dir='ltr'>Munera</span> <span class='ocrx_word' id='word_1_32' title='bbox 719 511 815 541; x_wconf 86' lang='lat' dir='ltr'><strong>posce</strong></span> <span class='ocrx_word' id='word_1_33' title='bbox 840 505 978 538; x_wconf 85' lang='lat' dir='ltr'><strong>maxima</strong></span> <span class='ocrx_word' id='word_1_34' title='bbox 1005 507 1098 541; x_wconf 78' lang='lat' dir='ltr'><strong>vitae.</strong></span> 
     </span>
    </p>
   </div>
   <div class='ocr_carea' id='block_1_4' title="bbox 456 593 1166 732">
    <p class='ocr_par' dir='ltr' id='par_1_4' title="bbox 456 593 1166 732">
     <span class='ocr_line' id='line_1_8' title="bbox 456 593 1166 642; baseline 0.015 -18"><span class='ocrx_word' id='word_1_35' title='bbox 456 595 488 625; x_wconf 88' lang='lat'><strong>4.</strong></span> <span class='ocrx_word' id='word_1_36' title='bbox 517 593 565 625; x_wconf 88' lang='lat' dir='ltr'><strong>Sit</strong></span> <span class='ocrx_word' id='word_1_37' title='bbox 591 596 692 628; x_wconf 87' lang='lat' dir='ltr'><strong>virtus</strong></span> <span class='ocrx_word' id='word_1_38' title='bbox 721 599 834 637; x_wconf 87' lang='lat' dir='ltr'><strong>parilis</strong></span> <span class='ocrx_word' id='word_1_39' title='bbox 860 600 991 641; x_wconf 86' lang='lat' dir='ltr'><strong>lausque</strong></span> <span class='ocrx_word' id='word_1_40' title='bbox 1017 604 1166 642; x_wconf 81' lang='lat' dir='ltr'><strong>perennis</strong></span> 
     </span>
     <span class='ocr_line' id='line_1_9' title="bbox 510 641 1142 685; baseline 0.019 -13"><span class='ocrx_word' id='word_1_41' title='bbox 510 641 599 674; x_wconf 88' lang='lat' dir='ltr'><strong>Patri</strong></span> <span class='ocrx_word' id='word_1_42' title='bbox 627 653 695 675; x_wconf 89' lang='lat' dir='ltr'><strong>cum</strong></span> <span class='ocrx_word' id='word_1_43' title='bbox 722 646 829 685; x_wconf 86' lang='lat' dir='ltr'><strong>genito</strong></span> <span class='ocrx_word' id='word_1_44' title='bbox 855 647 982 681; x_wconf 89' lang='lat' dir='ltr'><strong>flamine</strong></span> <span class='ocrx_word' id='word_1_45' title='bbox 1008 660 1142 685; x_wconf 78' lang='lat' dir='ltr'><strong>necnon.</strong></span> 
     </span>
     <span class='ocr_line' id='line_1_10' title="bbox 553 690 1162 732; baseline 0.018 -12"><span class='ocrx_word' id='word_1_46' title='bbox 553 690 613 721; x_wconf 87' lang='lat' dir='ltr'><strong>Est</strong></span> <span class='ocrx_word' id='word_1_47' title='bbox 640 693 689 723; x_wconf 90' lang='lat' dir='ltr'><strong>cui</strong></span> <span class='ocrx_word' id='word_1_48' title='bbox 715 694 833 726; x_wconf 87' lang='lat' dir='ltr'><strong>trinum</strong></span> <span class='ocrx_word' id='word_1_49' title='bbox 860 705 973 728; x_wconf 92' lang='lat' dir='ltr'><strong>nomen</strong></span> <span class='ocrx_word' id='word_1_50' title='bbox 998 702 1029 729; x_wconf 85' lang='lat' dir='ltr'><strong>et</strong></span> <span class='ocrx_word' id='word_1_51' title='bbox 1055 708 1162 732; x_wconf 89' lang='lat' dir='ltr'><strong>unum.</strong></span> 
     </span>
    </p>
   </div>
   <div class='ocr_carea' id='block_1_5' title="bbox 202 781 1517 849">
    <p class='ocr_par' dir='ltr' id='par_1_5' title="bbox 202 781 1517 849">
     <span class='ocr_line' id='line_1_11' title="bbox 202 781 1517 844; baseline 0.017 -39"><span class='ocrx_word' id='word_1_52' title='bbox 202 815 214 844; x_wconf 75' lang='grc'>1</span> <span class='ocrx_word' id='word_1_53' title='bbox 249 781 356 844; x_wconf 79' lang='lat' dir='ltr'><strong>2Lect.</strong></span> <span class='ocrx_word' id='word_1_54' title='bbox 380 791 434 810; x_wconf 85' lang='lat' dir='ltr'><strong>ms.</strong></span> <span class='ocrx_word' id='word_1_55' title='bbox 457 793 478 810; x_wconf 91' lang='lat' dir='ltr'><strong>s.</strong></span> <span class='ocrx_word' id='word_1_56' title='bbox 500 785 654 813; x_wconf 79' lang='lat' dir='ltr'><strong>Trinitatis</strong></span> <span class='ocrx_word' id='word_1_57' title='bbox 677 787 711 814; x_wconf 86' lang='lat' dir='ltr'><strong>de</strong></span> <span class='ocrx_word' id='word_1_58' title='bbox 727 789 890 818; x_wconf 80' lang='lat' dir='ltr'><strong>Moriniaco</strong></span> <span class='ocrx_word' id='word_1_59' title='bbox 912 801 986 820; x_wconf 76' lang='lat' dir='ltr'><strong>saec.</strong></span> <span class='ocrx_word' id='word_1_60' title='bbox 1011 791 1054 820; x_wconf 82' lang='lat'><strong>12.</strong></span> <span class='ocrx_word' id='word_1_61' title='bbox 1069 794 1138 821; x_wconf 87' lang='lat' dir='ltr'><strong>Cod.</strong></span> <span class='ocrx_word' id='word_1_62' title='bbox 1155 796 1291 823; x_wconf 81' lang='lat' dir='ltr'><strong>Vatican.</strong></span> <span class='ocrx_word' id='word_1_63' title='bbox 1308 798 1377 833; x_wconf 77' lang='lat' dir='ltr'><strong>Reg.</strong></span> <span class='ocrx_word' id='word_1_64' title='bbox 1400 797 1464 826; x_wconf 78' lang='lat'>529.</span> <span class='ocrx_word' id='word_1_65' title='bbox 1490 815 1517 819; x_wconf 36' lang='lat'><strong>⁷-</strong></span> 
     </span>
     <span class='ocr_line' id='line_1_12' title="bbox 220 820 404 849; baseline 0.022 -6"><span class='ocrx_word' id='word_1_66' title='bbox 220 838 225 849; x_wconf 74' lang='grc'>,</span> <span class='ocrx_word' id='word_1_67' title='bbox 288 820 404 847; x_wconf 86' lang='lat' dir='ltr'><strong>retines.</strong></span> 
     </span>
    </p>
   </div>
   <div class='ocr_carea' id='block_1_6' title="bbox 618 975 1088 1011">
    <p class='ocr_par' dir='ltr' id='par_1_6' title="bbox 618 975 1088 1011">
     <span class='ocr_line' id='line_1_13' title="bbox 618 975 1088 1011; baseline 0.013 -6"><span class='ocrx_word' id='word_1_68' title='bbox 618 975 685 1006; x_wconf 84' lang='lat'><strong>259.</strong></span> <span class='ocrx_word' id='word_1_69' title='bbox 728 976 769 1007; x_wconf 83' lang='lat' dir='ltr'><strong>De</strong></span> <span class='ocrx_word' id='word_1_70' title='bbox 790 982 900 1009; x_wconf 79' lang='lat' dir='ltr'><strong>saneta</strong></span> <span class='ocrx_word' id='word_1_71' title='bbox 923 979 1088 1011; x_wconf 77' lang='lat' dir='ltr'><strong>Genovesa.</strong></span> 
     </span>
    </p>
   </div>
   <div class='ocr_carea' id='block_1_7' title="bbox 467 1071 1190 1257">
    <p class='ocr_par' dir='ltr' id='par_1_7' title="bbox 467 1071 1190 1215">
     <span class='ocr_line' id='line_1_14' title="bbox 467 1071 1190 1115; baseline 0.014 -13"><span class='ocrx_word' id='word_1_72' title='bbox 467 1071 496 1103; x_wconf 93' lang='lat'><strong>1.</strong></span> <span class='ocrx_word' id='word_1_73' title='bbox 525 1071 584 1112; x_wconf 77' lang='lat' dir='ltr'><strong>En,</strong></span> <span class='ocrx_word' id='word_1_74' title='bbox 611 1074 677 1104; x_wconf 89' lang='lat' dir='ltr'><strong>dies</strong></span> <span class='ocrx_word' id='word_1_75' title='bbox 705 1075 854 1113; x_wconf 86' lang='lat' dir='ltr'><strong>splendet</strong></span> <span class='ocrx_word' id='word_1_76' title='bbox 879 1080 1061 1110; x_wconf 76' lang='lat' dir='ltr'><strong>veneranda</strong></span> <span class='ocrx_word' id='word_1_77' title='bbox 1088 1080 1190 1115; x_wconf 83' lang='lat' dir='ltr'><strong>nobis,</strong></span> 
     </span>
     <span class='ocr_line' id='line_1_15' title="bbox 521 1120 1162 1164; baseline 0.014 -14"><span class='ocrx_word' id='word_1_78' title='bbox 521 1120 587 1158; x_wconf 74' lang='lat' dir='ltr'><strong>Qua</strong></span> <span class='ocrx_word' id='word_1_79' title='bbox 614 1121 680 1160; x_wconf 90' lang='lat' dir='ltr'><strong>poli</strong></span> <span class='ocrx_word' id='word_1_80' title='bbox 708 1123 824 1154; x_wconf 88' lang='lat' dir='ltr'><strong>celsam</strong></span> <span class='ocrx_word' id='word_1_81' title='bbox 851 1128 1031 1164; x_wconf 89' lang='lat' dir='ltr'><strong>penetravit</strong></span> <span class='ocrx_word' id='word_1_82' title='bbox 1057 1137 1162 1159; x_wconf 84' lang='lat' dir='ltr'><strong>arcem</strong></span> 
     </span>
     <span class='ocr_line' id='line_1_16' title="bbox 518 1167 1099 1215; baseline 0.015 -18"><span class='ocrx_word' id='word_1_83' title='bbox 518 1167 640 1199; x_wconf 86' lang='lat' dir='ltr'><strong>Munda</strong></span> <span class='ocrx_word' id='word_1_84' title='bbox 668 1169 793 1201; x_wconf 85' lang='lat' dir='ltr'><strong>delictis</strong></span> <span class='ocrx_word' id='word_1_85' title='bbox 819 1171 982 1205; x_wconf 86' lang='lat' dir='ltr'><strong>Genovefa</strong></span> <span class='ocrx_word' id='word_1_86' title='bbox 1009 1175 1099 1215; x_wconf 81' lang='lat' dir='ltr'><strong>virgo</strong></span> 
     </span>
    </p>

    <p class='ocr_par' dir='ltr' id='par_1_8' title="bbox 595 1216 884 1257">
     <span class='ocr_line' id='line_1_17' title="bbox 595 1216 884 1257; baseline 0.014 -10"><span class='ocrx_word' id='word_1_87' title='bbox 595 1216 736 1256; x_wconf 84' lang='lat' dir='ltr'>Corpore</span> <span class='ocrx_word' id='word_1_88' title='bbox 765 1224 884 1257; x_wconf 89' lang='lat' dir='ltr'><strong>spreto.</strong></span> 
     </span>
    </p>
   </div>
   <div class='ocr_carea' id='block_1_8' title="bbox 459 1309 1217 1493">
    <p class='ocr_par' dir='ltr' id='par_1_9' title="bbox 459 1309 1217 1493">
     <span class='ocr_line' id='line_1_18' title="bbox 459 1309 1217 1358; baseline 0.016 -19"><span class='ocrx_word' id='word_1_89' title='bbox 459 1310 489 1340; x_wconf 83' lang='lat'><strong>2.</strong></span> <span class='ocrx_word' id='word_1_90' title='bbox 519 1309 723 1342; x_wconf 80' lang='lat' dir='ltr'><strong>Commorans</strong></span> <span class='ocrx_word' id='word_1_91' title='bbox 750 1313 781 1344; x_wconf 92' lang='lat' dir='ltr'><strong>in</strong></span> <span class='ocrx_word' id='word_1_92' title='bbox 807 1323 868 1353; x_wconf 89' lang='lat' dir='ltr'><strong>quo</strong></span> <span class='ocrx_word' id='word_1_93' title='bbox 896 1316 1034 1348; x_wconf 82' lang='lat' dir='ltr'><strong>decadas</strong></span> <span class='ocrx_word' id='word_1_94' title='bbox 1061 1327 1119 1358; x_wconf 89' lang='lat' dir='ltr'><strong>per</strong></span> <span class='ocrx_word' id='word_1_95' title='bbox 1145 1325 1217 1351; x_wconf 88' lang='lat' dir='ltr'><strong>octo</strong></span> 
     </span>
     <span class='ocr_line' id='line_1_19' title="bbox 520 1358 1055 1397; baseline 0.017 -10"><span class='ocrx_word' id='word_1_96' title='bbox 520 1358 655 1397; x_wconf 83' lang='lat' dir='ltr'><strong>Propter</strong></span> <span class='ocrx_word' id='word_1_97' title='bbox 680 1360 821 1392; x_wconf 84' lang='lat' dir='ltr'><strong>infirmos</strong></span> <span class='ocrx_word' id='word_1_98' title='bbox 849 1362 922 1393; x_wconf 84' lang='lat' dir='ltr'><strong>fidei</strong></span> <span class='ocrx_word' id='word_1_99' title='bbox 950 1364 1055 1396; x_wconf 85' lang='lat' dir='ltr'><strong>calore</strong></span> 
     </span>
     <span class='ocr_line' id='line_1_20' title="bbox 517 1405 1106 1449; baseline 0.017 -14"><span class='ocrx_word' id='word_1_100' title='bbox 517 1405 621 1436; x_wconf 84' lang='lat' dir='ltr'><strong>Multa</strong></span> <span class='ocrx_word' id='word_1_101' title='bbox 647 1410 803 1447; x_wconf 84' lang='lat' dir='ltr'><strong>congessit</strong></span> <span class='ocrx_word' id='word_1_102' title='bbox 830 1411 938 1449; x_wconf 87' lang='lat' dir='ltr'><strong>populi</strong></span> <span class='ocrx_word' id='word_1_103' title='bbox 965 1412 1023 1443; x_wconf 90' lang='lat' dir='ltr'><strong>sub</strong></span> <span class='ocrx_word' id='word_1_104' title='bbox 1050 1423 1106 1445; x_wconf 72' lang='lat' dir='ltr'><strong>ore</strong></span> 
     </span>
     <span class='ocr_line' id='line_1_21' title="bbox 591 1453 855 1493; baseline 0.019 -9"><span class='ocrx_word' id='word_1_105' title='bbox 591 1453 687 1493; x_wconf 84' lang='lat' dir='ltr'><strong>Signa</strong></span> <span class='ocrx_word' id='word_1_106' title='bbox 713 1460 855 1489; x_wconf 86' lang='lat' dir='ltr'><strong>venusta.</strong></span> 
     </span>
    </p>
   </div>
   <div class='ocr_carea' id='block_1_9' title="bbox 455 1547 1136 1730">
    <p class='ocr_par' dir='ltr' id='par_1_10' title="bbox 455 1547 1136 1691">
     <span class='ocr_line' id='line_1_22' title="bbox 455 1547 1125 1588; baseline 0.015 -10"><span class='ocrx_word' id='word_1_107' title='bbox 455 1547 486 1578; x_wconf 88' lang='lat'><strong>3.</strong></span> <span class='ocrx_word' id='word_1_108' title='bbox 516 1547 660 1579; x_wconf 83' lang='lat' dir='ltr'><strong>Mortuos</strong></span> <span class='ocrx_word' id='word_1_109' title='bbox 686 1552 797 1582; x_wconf 86' lang='lat' dir='ltr'><strong>mortis</strong></span> <span class='ocrx_word' id='word_1_110' title='bbox 825 1561 977 1585; x_wconf 81' lang='lat' dir='ltr'><strong>revocans</strong></span> <span class='ocrx_word' id='word_1_111' title='bbox 1003 1556 1043 1586; x_wconf 86' lang='lat' dir='ltr'><strong>ab</strong></span> <span class='ocrx_word' id='word_1_112' title='bbox 1070 1566 1125 1588; x_wconf 85' lang='lat' dir='ltr'><strong>ore</strong></span> 
     </span>
     <span class='ocr_line' id='line_1_23' title="bbox 515 1595 1131 1638; baseline 0.019 -14"><span class='ocrx_word' id='word_1_113' title='bbox 515 1595 668 1627; x_wconf 83' lang='lat' dir='ltr'><strong>Reddidit</strong></span> <span class='ocrx_word' id='word_1_114' title='bbox 698 1598 780 1629; x_wconf 85' lang='lat' dir='ltr'><strong>vitae</strong></span> <span class='ocrx_word' id='word_1_115' title='bbox 807 1600 966 1633; x_wconf 84' lang='lat' dir='ltr'><strong>tribuente</strong></span> <span class='ocrx_word' id='word_1_116' title='bbox 993 1604 1131 1638; x_wconf 78' lang='lat' dir='ltr'><strong>Christo.</strong></span> 
     </span>
     <span class='ocr_line' id='line_1_24' title="bbox 514 1643 1136 1691; baseline 0.018 -18"><span class='ocrx_word' id='word_1_117' title='bbox 514 1643 632 1674; x_wconf 86' lang='lat' dir='ltr'><strong>Mortis</strong></span> <span class='ocrx_word' id='word_1_118' title='bbox 658 1651 818 1678; x_wconf 84' lang='lat' dir='ltr'><strong>auctorem</strong></span> <span class='ocrx_word' id='word_1_119' title='bbox 845 1651 1007 1688; x_wconf 85' lang='lat' dir='ltr'><strong>superavit</strong></span> <span class='ocrx_word' id='word_1_120' title='bbox 1034 1652 1136 1691; x_wconf 81' lang='lat' dir='ltr'><strong>ipsum</strong></span> 
     </span>
    </p>

    <p class='ocr_par' dir='ltr' id='par_1_11' title="bbox 588 1692 814 1730">
     <span class='ocr_line' id='line_1_25' title="bbox 588 1692 814 1730; baseline 0.027 -9"><span class='ocrx_word' id='word_1_121' title='bbox 588 1692 655 1730; x_wconf 86' lang='lat' dir='ltr'><strong>Qua</strong></span> <span class='ocrx_word' id='word_1_122' title='bbox 682 1694 814 1727; x_wconf 84' lang='lat' dir='ltr'><strong>ratione.</strong></span> 
     </span>
    </p>
   </div>
   <div class='ocr_carea' id='block_1_10' title="bbox 452 1784 1159 1966">
    <p class='ocr_par' dir='ltr' id='par_1_12' title="bbox 452 1784 1159 1924">
     <span class='ocr_line' id='line_1_26' title="bbox 452 1784 1159 1833; baseline 0.018 -18"><span class='ocrx_word' id='word_1_123' title='bbox 452 1786 483 1816; x_wconf 80' lang='lat'><strong>4.</strong></span> <span class='ocrx_word' id='word_1_124' title='bbox 512 1784 665 1817; x_wconf 83' lang='lat' dir='ltr'><strong>Cruribus</strong></span> <span class='ocrx_word' id='word_1_125' title='bbox 693 1788 824 1821; x_wconf 82' lang='lat' dir='ltr'><strong>claudos</strong></span> <span class='ocrx_word' id='word_1_126' title='bbox 850 1792 1049 1833; x_wconf 84' lang='lat' dir='ltr'><strong>pedibusque</strong></span> <span class='ocrx_word' id='word_1_127' title='bbox 1077 1797 1159 1828; x_wconf 55' lang='lat' dir='ltr'><strong>suri„</strong></span> 
     </span>
     <span class='ocr_line' id='line_1_27' title="bbox 510 1832 1089 1883; baseline 0.021 -20"><span class='ocrx_word' id='word_1_128' title='bbox 510 1832 563 1864; x_wconf 89' lang='lat' dir='ltr'><strong>Sic</strong></span> <span class='ocrx_word' id='word_1_129' title='bbox 589 1834 773 1867; x_wconf 84' lang='lat' dir='ltr'><strong>reformavit</strong></span> <span class='ocrx_word' id='word_1_130' title='bbox 801 1836 940 1877; x_wconf 77' lang='lat' dir='ltr'><strong>fugiente</strong></span> <span class='ocrx_word' id='word_1_131' title='bbox 967 1842 1089 1883; x_wconf 88' lang='lat' dir='ltr'><strong>morbo,</strong></span> 
     </span>
     <span class='ocr_line' id='line_1_28' title="bbox 510 1881 1111 1924; baseline 0.02 -13"><span class='ocrx_word' id='word_1_132' title='bbox 510 1881 681 1914; x_wconf 88' lang='lat' dir='ltr'><strong>Pristiuum</strong></span> <span class='ocrx_word' id='word_1_133' title='bbox 709 1885 835 1923; x_wconf 88' lang='lat' dir='ltr'><strong>quirent</strong></span> <span class='ocrx_word' id='word_1_134' title='bbox 861 1887 922 1918; x_wconf 91' lang='lat' dir='ltr'><strong>iter</strong></span> <span class='ocrx_word' id='word_1_135' title='bbox 946 1894 979 1920; x_wconf 88' lang='lat' dir='ltr'><strong>ut</strong></span> <span class='ocrx_word' id='word_1_136' title='bbox 1004 1891 1111 1924; x_wconf 82' lang='lat' dir='ltr'><strong>subire</strong></span> 
     </span>
    </p>

    <p class='ocr_par' dir='ltr' id='par_1_13' title="bbox 586 1930 875 1966">
     <span class='ocr_line' id='line_1_29' title="bbox 586 1930 875 1966; baseline 0.014 -5"><span class='ocrx_word' id='word_1_137' title='bbox 586 1930 676 1962; x_wconf 89' lang='lat' dir='ltr'><strong>More</strong></span> <span class='ocrx_word' id='word_1_138' title='bbox 704 1933 875 1966; x_wconf 75' lang='lat' dir='ltr'><strong>valentum.</strong></span> 
     </span>
    </p>
   </div>
   <div class='ocr_carea' id='block_1_11' title="bbox 452 2025 1115 2212">
    <p class='ocr_par' dir='ltr' id='par_1_14' title="bbox 452 2025 1115 2163">
     <span class='ocr_line' id='line_1_30' title="bbox 452 2025 1091 2075; baseline 0.019 -20"><span class='ocrx_word' id='word_1_139' title='bbox 452 2027 484 2057; x_wconf 87' lang='lat'><strong>5.</strong></span> <span class='ocrx_word' id='word_1_140' title='bbox 511 2025 636 2057; x_wconf 86' lang='lat' dir='ltr'><strong>Debilis</strong></span> <span class='ocrx_word' id='word_1_141' title='bbox 663 2028 732 2058; x_wconf 85' lang='lat' dir='ltr'><strong>visu</strong></span> <span class='ocrx_word' id='word_1_142' title='bbox 758 2030 942 2070; x_wconf 79' lang='lat' dir='ltr'><strong>pariterque</strong></span> <span class='ocrx_word' id='word_1_143' title='bbox 969 2033 1091 2075; x_wconf 81' lang='lat' dir='ltr'><strong>dextra,</strong></span> 
     </span>
     <span class='ocr_line' id='line_1_31' title="bbox 510 2073 1115 2123; baseline 0.018 -19"><span class='ocrx_word' id='word_1_144' title='bbox 510 2073 614 2105; x_wconf 88' lang='lat' dir='ltr'><strong>Huius</strong></span> <span class='ocrx_word' id='word_1_145' title='bbox 640 2080 673 2106; x_wconf 88' lang='lat' dir='ltr'><strong>ut</strong></span> <span class='ocrx_word' id='word_1_146' title='bbox 701 2076 782 2107; x_wconf 87' lang='lat' dir='ltr'><strong>vidit</strong></span> <span class='ocrx_word' id='word_1_147' title='bbox 810 2076 922 2109; x_wconf 84' lang='lat' dir='ltr'><strong>faciem</strong></span> <span class='ocrx_word' id='word_1_148' title='bbox 950 2081 1115 2123; x_wconf 73' lang='lat' dir='ltr'><strong>virentem,</strong></span> 
     </span>
     <span class='ocr_line' id='line_1_32' title="bbox 507 2122 1110 2163; baseline 0.018 -11"><span class='ocrx_word' id='word_1_149' title='bbox 507 2122 542 2152; x_wconf 93' lang='lat' dir='ltr'><strong>In</strong></span> <span class='ocrx_word' id='word_1_150' title='bbox 569 2131 657 2153; x_wconf 81' lang='lat' dir='ltr'><strong>suam</strong></span> <span class='ocrx_word' id='word_1_151' title='bbox 683 2132 794 2163; x_wconf 89' lang='lat' dir='ltr'><strong>sospes</strong></span> <span class='ocrx_word' id='word_1_152' title='bbox 820 2129 973 2159; x_wconf 86' lang='lat' dir='ltr'><strong>remeavit</strong></span> <span class='ocrx_word' id='word_1_153' title='bbox 998 2131 1110 2162; x_wconf 84' lang='lat' dir='ltr'><strong>aedem</strong></span> 
     </span>
    </p>

    <p class='ocr_par' dir='ltr' id='par_1_15' title="bbox 583 2171 899 2212">
     <span class='ocr_line' id='line_1_33' title="bbox 583 2171 899 2212; baseline 0.013 -10"><span class='ocrx_word' id='word_1_154' title='bbox 583 2171 704 2203; x_wconf 81' lang='lat' dir='ltr'><strong>Cuncta</strong></span> <span class='ocrx_word' id='word_1_155' title='bbox 730 2175 899 2212; x_wconf 83' lang='lat' dir='ltr'><strong>patrando.</strong></span> 
     </span>
    </p>
   </div>
   <div class='ocr_carea' id='block_1_12' title="bbox 450 2266 1189 2446">
    <p class='ocr_par' dir='ltr' id='par_1_16' title="bbox 450 2266 1189 2402">
     <span class='ocr_line' id='line_1_34' title="bbox 450 2266 1189 2316; baseline 0.019 -20"><span class='ocrx_word' id='word_1_156' title='bbox 450 2266 482 2298; x_wconf 88' lang='lat'><strong>6.</strong></span> <span class='ocrx_word' id='word_1_157' title='bbox 509 2266 649 2305; x_wconf 83' lang='lat' dir='ltr'><strong>Spiritus</strong></span> <span class='ocrx_word' id='word_1_158' title='bbox 675 2277 809 2308; x_wconf 82' lang='lat' dir='ltr'><strong>nequam</strong></span> <span class='ocrx_word' id='word_1_159' title='bbox 836 2273 1015 2309; x_wconf 85' lang='lat' dir='ltr'><strong>penetravit</strong></span> <span class='ocrx_word' id='word_1_160' title='bbox 1042 2279 1071 2306; x_wconf 84' lang='lat' dir='ltr'><strong>et</strong></span> <span class='ocrx_word' id='word_1_161' title='bbox 1098 2286 1189 2316; x_wconf 87' lang='lat' dir='ltr'><strong>quem</strong></span> 
     </span>
     <span class='ocr_line' id='line_1_35' title="bbox 504 2313 1071 2361; baseline 0.016 -16"><span class='ocrx_word' id='word_1_162' title='bbox 504 2313 583 2346; x_wconf 87' lang='lat' dir='ltr'><strong>Eius</strong></span> <span class='ocrx_word' id='word_1_163' title='bbox 609 2320 703 2347; x_wconf 87' lang='lat' dir='ltr'><strong>oratu</strong></span> <span class='ocrx_word' id='word_1_164' title='bbox 728 2317 940 2359; x_wconf 88' lang='lat' dir='ltr'><strong>precibusque</strong></span> <span class='ocrx_word' id='word_1_165' title='bbox 967 2321 1071 2361; x_wconf 85' lang='lat' dir='ltr'><strong>dignis</strong></span> 
     </span>
     <span class='ocr_line' id='line_1_36' title="bbox 504 2361 1049 2402; baseline 0.017 -9"><span class='ocrx_word' id='word_1_166' title='bbox 504 2361 604 2394; x_wconf 84' lang='lat' dir='ltr'><strong>Liber</strong></span> <span class='ocrx_word' id='word_1_167' title='bbox 628 2362 759 2396; x_wconf 87' lang='lat' dir='ltr'><strong>effectus</strong></span> <span class='ocrx_word' id='word_1_168' title='bbox 785 2364 946 2399; x_wconf 86' lang='lat' dir='ltr'><strong>referebat</strong></span> <span class='ocrx_word' id='word_1_169' title='bbox 972 2369 1049 2402; x_wconf 86' lang='lat' dir='ltr'><strong>odas</strong></span> 
     </span>
    </p>

    <p class='ocr_par' dir='ltr' id='par_1_17' title="bbox 579 2411 784 2446">
     <span class='ocr_line' id='line_1_37' title="bbox 579 2411 784 2446; baseline 0.015 -4"><span class='ocrx_word' id='word_1_170' title='bbox 579 2411 784 2446; x_wconf 82' lang='lat' dir='ltr'><strong>Altitouanti.</strong></span> 
     </span>
    </p>
   </div>
  </div>
 </body>
</html>
