1653 2656
740 149 904 185 —221
960 171 1002 178 —

641 257 720 291 370.
761 259 804 292 De
825 266 936 296 sancto
955 265 1077 298 Leucio.

753 331 804 359 Ad
830 333 928 362 Laud
940 344 985 362 es.

203 403 300 438 1.1n
327 410 493 443 matutinis
520 412 668 447 laudibus

260 453 364 487 Deum
390 467 561 498 precemur
585 464 708 507 sedulo,

263 501 306 534 Ut
330 513 388 536 nos
413 507 455 538 ad
484 509 565 541 caeli
590 511 725 551 gloriam

262 549 326 582 Per
351 555 454 586 sancti
482 556 579 590 ducat
605 561 732 595 merita.

197 645 299 678 2.1n
327 648 535 684 Brundusina
564 655 679 688 claruit

257 693 348 727 Urbe
375 697 540 732 consessor
565 702 707 746 Domini

257 743 294 775 In
323 744 384 776 hac
410 747 596 788 relinquens
624 756 730 785 terrea

254 792 411 833 Migravit
436 796 478 828 ad
508 799 670 832 caelestia.

605 897 638 930 5.
667 896 779 932 Gloria
806 901 875 941 tibi,

902 424 932 456 3.
960 423 1008 456 Ob
1037 425 1095 458 hoc
1121 430 1262 462 celebrat
1290 442 1395 466 annua

962 471 1085 506 Devota
1113 477 1206 515 plebs
1233 480 1416 524 sollemnia3

961 519 1020 561 Tu,
1047 522 1182 564 Christe,
1216 527 1306 559 nobis
1333 539 1440 562 annue

962 568 1064 601 Huius
1091 574 1179 612 sequi
1209 578 1354 617 vestigia.

925 686 931 692 .
964 665 1134 699 Prec==smu1
1160 678 1235 711 ergo
1261 674 1425 714 supplices

960 713 1087 746 Patrem
1115 720 1264 756 perennis
1290 722 1422 765 gloriae,

959 761 1002 794 Ut
1029 762 1122 795 huius
1148 768 1249 799 sancti
1276 771 1390 802 merita

958 809 1059 842 Nobis
1086 812 1257 852 impetrent
1286 819 1421 853 veniam

903 903 1052 939 Domine.

269 985 373 1014 Officia
395 996 432 1014 ες.
454 989 650 1018 Patronorum
676 994 818 1023 eeclesiae
839 998 1048 1027 brundusinae
1072 1004 1140 1038 inip.
1164 1006 1275 1033 Romae
1301 1007 1380 1035 1582..

647 1155 711 1188 371.
753 1156 795 1188 De
817 1161 928 1190 saneta
951 1160 1059 1192 Lucia.

190 1238 221 1271 1.
249 1239 330 1281 Lux,
359 1249 444 1282 ecce,
471 1243 588 1276 lustrat
614 1255 722 1286 aurea,

245 1287 347 1319 Lucet
374 1288 494 1322 Luciae
519 1292 639 1335 laurea,

243 1335 430 1369 Laudantes
456 1339 542 1372 laeto
568 1343 711 1375 carmine

245 1383 418 1418 Laetemur
444 1387 501 1419 loti
528 1390 669 1422 crimine.

181 1481 213 1513 2.
241 1481 417 1514 Mundanis
445 1486 563 1518 munda
591 1488 710 1527 micuit,

239 1529 403 1563 Mundare
428 1537 564 1566 matrem
590 1538 706 1568 meruit

236 1578 388 1611 Mercans
415 1591 479 1613 non
504 1584 632 1616 mundis
650 1587 810 1621 mercibus

232 1626 396 1660 Mundans
423 1630 517 1662 malis
545 1636 575 1663 et
602 1634 752 1667 motibus.

171 1723 202 1756 3.
231 1724 438 1759 [ommutans
466 1737 535 1760 cum
563 1731 766 1777 caelestibus,

229 1773 320 1813 Quod
349 1777 495 1817 congruit
521 1780 721 1822 coniugibus,

227 1822 429 1865 Contempsit
456 1834 570 1859 carens
598 1829 686 1860 carie

227 1870 347 1904 Causas
374 1873 480 1906 civilis
507 1876 626 1910 curiae

886 1253 916 1285 4.
945 1252 1034 1284 Sicut
1061 1254 1125 1285 fide
1151 1266 1213 1288 non
1241 1256 1411 1299 frangitur,

943 1299 997 1332 Sic
1022 1306 1126 1335 tracta
1153 1303 1228 1336 fune
1255 1305 1373 1346 figitur,

942 1350 1066 1388 Quanto
1094 1350 1180 1383 funis
1207 1354 1247 1384 sit
1276 1354 1401 1392 fortior.

938 1396 993 1428 Fit
1019 1398 1083 1430 fide
1110 1399 1191 1432 fulta
1216 1402 1318 1434 fixior.

902 1517 910 1525 .
940 1495 1062 1526 Poenis
1089 1505 1207 1535 parans
1233 1499 1306 1538 plus
1331 1501 1463 1544 patitur⁷

937 1541 1019 1574 Dum
1046 1544 1099 1583 pia
1125 1547 1221 1585 perit,
1249 1547 1477 1593 per[f0]ditur,

937 1590 1047 1623 Puella
1074 1602 1170 1632 passa
1196 1595 1304 1635 gladio

935 1640 1048 1671 Psallit
1076 1644 1209 1681 perenni
1232 1645 1360 1684 gaudio.

878 1738 901 1768 Ἰ.
929 1737 1029 1778 Patri,
1056 1740 1152 1779 proli⁷
1180 1743 1348 1785 paraclito,

929 1785 1025 1817 Cuius
1052 1788 1161 1820 divino
1189 1789 1290 1830 digito

929 1834 1013 1866 Vicit
1041 1836 1141 1877 virgo,
1169 1838 1209 1869 sit
1236 1839 1349 1879 gloria,

928 1882 1030 1915 Nobis
1056 1893 1162 1917 secum
1191 1887 1254 1919 sint
1282 1889 1408 1927 gaudia.

239 1967 321 1995 Offic.
351 1978 403 1996 τηε.
427 1971 455 1997 S.
485 1972 595 2001 Luc-iae
623 1983 698 2002 saec.
724 1974 796 2003 ¹⁴l15.
819 1977 890 2006 Cod.
911 1979 1096 2007 Avenionen.
1122 1980 1183 2008 117.
1205 1997 1242 2000 —
1265 1984 1415 2012 Abschrift
1438 1994 1498 2014 von

160 2006 215 2032 Mr.
237 2007 389 2036 Labande

621 2136 688 2168 372.
729 2137 773 2169 De
794 2141 906 2171 saneta
928 2140 1033 2172 hut-ia.

155 2224 185 2254 1.
213 2222 292 2255 Dies
320 2224 429 2266 datur,
456 2234 538 2266 quae
564 2227 732 2269 lustratur,

263 2272 382 2305 Luciae
408 2275 565 2314 martyrio

213 2320 283 2359 Quo
309 2321 463 2363 laetatur,
489 2331 563 2354 nam
590 2324 716 2358 locatur

261 2368 401 2402 Caelesti
428 2370 574 2412 collegio,

209 2420 279 2456 Qua
305 2417 448 2458 dotatur,
477 2418 650 2454 decoratur

258 2465 421 2507 Syracusa
446 2468 581 2502 mansio.

853 2232 884 2265 2.
913 2233 950 2265 In
978 2233 1038 2265 hac
1064 2238 1136 2266 orta
1163 2244 1221 2267 nee
1249 2246 1310 2268 non
1337 2242 1422 2270 torta

960 2281 1036 2313 Fuit
1063 2282 1153 2324 virgo
1181 2284 1297 2316 nobilis

911 2329 1050 2362 Matrem
1078 2340 1193 2364 curans
1220 2337 1252 2364 et
1278 2334 1447 2368 coniurans

958 2378 1008 2410 Ne
1034 2380 1184 2412 tradatur
1210 2381 1340 2424 nubilis,

906 2426 1066 2467 Sponsum
1076 2429 1366 2472 nolens‚Christum
1377 2433 1487 2467 colens

957 2475 1021 2509 Sua
1047 2477 1144 2509 donat
1172 2478 1319 2521 dapsilis,
