1653 2656
742 126 978 161 -gg-

637 275 700 306 144.
741 276 782 306 De
806 278 915 308 sancta
936 277 1089 309 Barbara.

704 346 743 372 In
774 345 798 373 1.
824 346 1009 382 Vesperis.

436 435 465 467 1.
492 434 655 467 Barbarae
681 436 795 468 festum
823 438 1018 471 celebremus
1044 449 1166 479 omnes,

491 482 632 522 Virginis
658 494 768 516 sacrae
794 485 913 518 referat
939 487 1117 528 triumphos

488 530 644 570 Martyris
671 537 779 564 noster
805 534 919 565 chorus
946 539 977 566 et
1003 535 1114 568 beatos

631 580 751 620 Pangat
776 581 922 615 honoreS.

430 674 461 705 2.
489 674 597 706 Fortis
623 678 654 705 et
679 676 821 715 prudens
847 678 966 709 teneris
992 679 1032 710 ab
1056 680 1148 711 annis

487 721 575 752 Haec
603 721 664 754 fuit
690 724 788 763 virgo,
816 725 878 766 pia,
907 726 1000 765 iusta,
1029 734 1158 759 cunctos

487 769 684 809 Temperans
710 776 800 803 actus
827 772 1025 814 Dominoque
1051 776 1159 808 iuncta

627 818 736 851 Mente
762 819 861 854 fideli.

425 913 456 944 3.
484 912 572 943 Haec
599 913 700 945 Deum
727 924 835 946 verum
862 917 959 948 coluit
985 919 1106 950 relictis

483 960 631 992 Gentium
660 962 731 994 diis.
757 964 908 1003 genitoris
935 966 998 997 iras

483 1008 582 1039 Passa
608 1010 758 1049 crudelis,
785 1016 880 1051 caput
906 1018 936 1044 et
961 1018 1095 1052 paterno

624 1058 769 1089 Perdidit
796 1069 880 1091 ense.

423 1152 453 1182 4.
483 1149 530 1181 Sit
556 1151 625 1182 Deo
651 1162 771 1183 summo
798 1154 995 1195 Dominoque
1022 1165 1127 1188 rerum

478 1198 574 1240 Laus,
602 1199 710 1239 honor,
739 1201 848 1243 virtus,
878 1203 974 1234 decus
1001 1208 1031 1234 et
1058 1209 1210 1247 potestas,

479 1245 590 1277 Gratia
618 1248 704 1278 cuius
730 1258 827 1288 super
852 1255 939 1282 astra
966 1250 1042 1282 felix

620 1295 763 1327 Barbara
789 1297 877 1329 vivit.

263 1384 346 1411 Brev.
369 1385 551 1413 Bituricense
573 1388 641 1423 imp.
663 1389 829 1416 Lemovicis
853 1390 934 1418 1522.

611 1548 671 1579 145.
712 1550 753 1580 De
775 1553 885 1582 sancta
907 1552 1058 1585 Barbara.

685 1620 737 1646 Ad
765 1621 998 1649 Matutiuum.

182 1707 213 1739 1.
241 1706 373 1738 Creator
399 1708 547 1747 omnium,
576 1709 670 1749 Deus,
865 1715 896 1746 3.
924 1715 1011 1746 Haec.
1037 1718 1184 1755 passione
1212 1720 1348 1751 iudicem

240 1755 383 1786 Invictae
410 1754 607 1788 fortitudinis
925 1762 1006 1793 Vicit
1036 1774 1101 1805 sua,
1130 1767 1207 1798 vicit
1228 1778 1318 1799 suum

239 1801 319 1841 Spes
345 1807 532 1843 martyrum.
560 1805 623 1836 dux
651 1811 681 1837 et
709 1807 769 1849 via,
924 1810 1049 1842 Patrem
1075 1812 1262 1846 Dioscorum
1289 1816 1353 1848 fide

236 1849 326 1881 Votis
353 1849 424 1881 fave
451 1854 658 1893 precantium,
923 1858 1020 1890 Caelo
1046 1866 1214 1900 reportans
1243 1865 1395 1903 praemia.

175 1944 206 1976 2.
231 1944 290 1982 Qui
317 1946 401 1977 celsa
428 1947 589 1980 Barbarae
612 1953 665 1980 tuo
861 1954 894 1985 4.
921 1954 1037 1986 Manus
1067 1961 1202 1995 paterna
1226 1960 1358 2000 virginis

233 1992 348 2025 Dicata
373 2000 483 2027 sancto
509 1998 627 2028 nomini
920 2002 1044 2034 Collum
1071 2005 1176 2047 scidit,
1203 2007 1249 2038 sic
1275 2013 1399 2041 mortua

233 2041 380 2080 Tropaea
406 2051 475 2074 cum
503 2045 676 2077 sollemniis
918 2049 1007 2082 Mors
1033 2056 1092 2092 est,
1118 2057 1152 2083 ut
1178 2054 1281 2087 altera
1308 2056 1376 2089 Deo

232 2088 325 2120 Cultu
351 2091 515 2123 celebrant
539 2102 654 2126 annuo.
918 2097 1063 2131 Barbara
1090 2100 1154 2132 vita
1181 2103 1313 2137 viveret.

558 2192 588 2222 5.
617 2189 664 2221 Sit
690 2190 759 2222 laus
787 2191 865 2231 Deo,
892 2193 934 2224 sit
960 2194 1071 2233 gloria,

614 2238 736 2275 Honos,
763 2239 869 2279 decus,
896 2241 1043 2281 victoria,

615 2285 663 2317 Sit
688 2287 862 2326 gratiarum
889 2290 973 2321 actio

615 2334 651 2365 In
677 2335 876 2367 saeculorum
903 2339 1040 2371 saecula.

246 2425 330 2452 Brev.
353 2427 535 2455 Bituricense
558 2429 626 2464 imp.
647 2430 814 2458 Lemovicis
839 2430 919 2459 15:22.
