1653 2656
729 147 990 182 —214-

620 288 684 320 358.
726 289 767 319 De
789 292 898 320 sancta
921 289 1109 320 Katharina.

741 358 789 385 Ad
817 359 972 386 Laudes.

207 446 236 476 1.
264 445 288 477 O
317 445 412 476 decus
439 445 667 486 Alexandriae,
895 448 926 479 3.
953 447 1038 479 Hinc
1064 447 1178 490 caelos,
1205 451 1309 480 terras
1334 448 1463 482 intuens

261 492 349 530 Flos,
376 493 568 534 Katharina‚
596 494 763 535 virginum,
952 495 1084 526 Trinum
1112 495 1257 527 datorem
1281 497 1463 537 praedicas,

262 540 356 572 Cuius
383 549 437 572 cor
462 540 606 573 Christus
632 541 774 581 possidet
949 543 1053 576 Unum
1080 543 1223 576 datorem
1248 545 1396 585 praemii,

264 587 326 620 Sua
352 588 508 628 praebens
536 589 737 621 charismata.
951 591 1056 624 Unum
1083 592 1264 632 trinumque
1289 592 1471 627 Dominum.

203 685 234 716 2.
261 682 295 714 Si
322 685 471 716 mundum
499 685 600 716 vincis
626 685 748 724 inclita,
891 688 922 720 4.
950 687 1062 719 Nostri
1087 692 1255 730 memento,
1282 698 1489 732 quaesumus,

261 731 294 763 Si
321 731 419 763 fortes
446 733 555 763 mundi
582 741 725 772 superas,
955 735 1062 767 Nostri
1088 740 1195 768 reatus
1221 737 1358 777 conscia,

259 779 340 818 Quid
359 779 499 811 mirum?
518 784 620 812 tecum
639 786 806 820 permanet
952 783 1029 814 Tuis
1055 784 1156 816 adiuti
1181 784 1331 824 precibus

266 826 428 867 supernae
455 828 555 859 virtus
582 829 713 868 gratiae.
951 831 1070 863 Christi
1096 832 1269 872 probemur
1294 831 1416 866 famuli.

567 928 597 958 5.
627 925 746 964 Honor,
776 926 882 965 decus,
910 927 1089 966 imperium.

273 1017 394 1043 Collect.
417 1026 468 1045 ms,
493 1020 645 1045 Constant.
669 1019 802 1047 Caietani
827 1029 903 1048 saec.
928 1020 969 1048 17.
992 1022 1061 1048 Cod.
1084 1022 1273 1050 Alexandrin.
1295 1022 1333 1052 96
1352 1022 1398 1058 (Ι).

577 1186 644 1217 359,
686 1188 728 1218 De
749 1197 772 1219 s.
796 1189 976 1220 Katharina
999 1191 1137 1222 Senensi.

717 1259 766 1284 Ad
794 1259 987 1295 vesperas.

463 1343 492 1374 1.
523 1343 618 1383 Virgo
645 1344 754 1375 dilecti
781 1354 862 1377 nova
888 1355 1005 1386 sponsa
1031 1349 1161 1387 Christi,

518 1391 644 1422 Annuat
672 1392 790 1424 nostris
817 1393 994 1426 Katharina
1019 1397 1111 1437 votis,

522 1438 562 1470 Ut
589 1448 664 1470 suae
690 1440 774 1471 laeto
801 1450 984 1474 resonemus
1010 1453 1065 1475 ore

665 1487 812 1520 Carmina
839 1489 953 1522 laudis.

463 1583 494 1615 2,
523 1581 595 1613 Rite
621 1583 796 1622 psallentes
822 1584 958 1617 Domino
985 1588 1152 1626 quotannis

521 1629 663 1661 Gloriam
691 1640 800 1662 sacrae
827 1633 968 1664 canimus
995 1637 1124 1675 sororis,

519 1680 605 1715 Quae
630 1682 734 1718 togam
761 1681 895 1719 sumpsit
923 1682 1017 1714 viridi
1044 1684 1102 1715 sub
1126 1694 1205 1716 aevo

662 1727 849 1766 Religionis

458 1821 489 1851 3.
518 1820 683 1860 Respuens
709 1823 783 1854 vani
811 1823 907 1855 decus
933 1834 1025 1857 omne
1051 1828 1160 1860 mundi

520 1868 778 1901 Praedicatorum
807 1871 995 1905 documenta
1020 1876 1122 1914 patris

521 1916 641 1956 Sponte
667 1919 816 1958 suscepit,
843 1920 991 1953 redimita
1018 1921 1096 1954 flore

664 1966 875 2006 Virginitatis.

459 2060 490 2091 4.
518 2060 672 2091 Atterens
700 2061 788 2092 duris
810 2071 865 2092 sua
892 2063 1033 2095 membra
1058 2064 1168 2106 flagris

518 2107 625 2138 Flevit
652 2108 805 2140 humanos
830 2110 981 2142 miserata
1006 2112 1114 2152 lapsos

519 2156 644 2195 Aspero
669 2155 748 2188 ferri
774 2158 919 2198 strophio
945 2160 1079 2199 pudicos

662 2205 775 2237 Cincta
800 2214 859 2246 per
884 2210 984 2239 artus.

457 2302 488 2331 5.
517 2299 613 2332 Nulla
639 2301 810 2333 multorum
834 2302 939 2342 spatio
965 2303 1087 2336 dierum

519 2347 669 2388 Corporis
697 2358 822 2381 sumens
848 2350 1000 2384 alimenta
1024 2354 1114 2395 vixit,

517 2395 615 2428 Sacra
641 2406 733 2436 quam
760 2401 882 2430 tantum
909 2399 997 2432 cibus
1022 2403 1206 2443 angelorum

662 2445 775 2478 Hostia
801 2447 900 2486 pavit.
