1653 2656
777 84 1059 120 —76—s

595 182 626 215 7.
653 180 702 213 Sit
727 181 796 212 laus
821 180 891 212 Deo
915 180 1012 221 patri,

653 229 813 261 Summum
841 228 970 262 Christo
997 229 1105 267 decus,

652 277 785 316 Spiritui
812 281 933 319 sancto,

652 325 769 357 Trinus
796 325 897 357 honor
922 329 954 357 et
978 335 1072 358 unus.

312 409 379 435 Aut.
401 412 429 435 et
452 409 549 444 hymn.
572 419 623 436 ηις.
646 410 786 437 Scarense
808 418 884 437 saec.
905 407 964 445 [14.
986 407 1027 446 et]
1046 409 1088 438 15.
1105 411 1176 438 Cod.
1191 411 1332 447 Upsalen.
1349 412 1372 438 C
1386 410 1454 439 422.
1467 412 1503 439 A.
1517 427 1554 432 —

234 447 355 474 Collect.
377 456 432 474 ωε.
454 448 655 475 Vadstenense
677 457 752 475 saec.
778 447 819 475 15.
841 449 911 476 Cod.
934 448 1075 484 Upsalen.
1098 450 1120 476 C
1141 447 1187 476 23.
1209 451 1242 477 B.
1257 465 1295 469 —
1311 450 1398 477 Brev.
1413 450 1557 480 Sem-ense

236 485 307 520 imp.
334 485 470 513 Holmiae
500 485 579 513 1495.
607 488 637 513 C.
661 504 695 506 —
718 488 801 514 Brev.
831 488 989 514 Arosiense
1017 491 1086 523 imp.
1113 488 1245 515 Basiliae
1269 486 1350 516 1513.
1374 490 1410 516 D.
1431 503 1468 508 —
1489 487 1515 522 7,
1537 487 1556 517 2

236 523 355 550 Summo
377 525 410 551 A.
427 539 463 542 —
479 523 504 556 7,
525 524 543 552 4
563 525 670 552 Tribus
692 525 784 552 honor
805 535 879 552 unus
894 526 928 552 A.
942 540 979 544 ——-
995 527 1100 553 Dieser
1121 526 1179 554 und
1202 527 1250 554 die
1273 527 1378 555 beiden
1398 527 1555 564 folgenden

235 562 373 596 Hymnen
393 562 521 598 gehiiren
542 573 578 590 zu
599 564 662 590 dem
685 564 818 591 Officium
840 564 945 591 Felix
973 565 1088 599 orbis,
1117 565 1216 593 felix
1237 565 1329 594 hora
1348 564 1446 600 (Anal.
1460 567 1556 600 XXV,

235 600 289 633 64),
317 601 360 627 als
389 601 493 628 dessen
520 602 671 629 Verfasser
698 603 864 639 Klemming
889 603 1072 630 Nicolaus
1100 604 1321 637 Hermanni,
1348 604 1472 632 Bischof
1496 614 1554 633 von

234 639 415 675 Linkiiping,
438 640 616 667 bezeichnet.

696 748 757 778 120.
798 749 839 780 De
862 751 970 780 sancta
992 750 1089 781 Anna.

730 809 778 835 Ad
805 810 1046 837 Nocturnum.

235 885 267 916 1.
293 884 402 916 Arbor
425 890 471 916 est
497 885 580 917 altae
606 886 726 925 gloriae
920 889 950 920 3.
978 889 1093 930 Maria,
1120 889 1214 921 nidus
1240 890 1377 930 arboris,

293 931 428 963 Florens
454 934 567 964 Annae
594 932 782 976 fecunditas,
978 937 1098 969 Clausit
1126 937 1203 969 nido
1229 938 1373 978 virgineo

291 980 389 1018 Quam
417 980 471 1011 lux
498 980 641 1019 perfudit
667 982 787 1021 gratiae
978 984 1107 1016 Fortem
1134 985 1279 1017 immensi
1305 986 1430 1018 roboris

293 1027 516 1067 virtutumque
541 1029 730 1063 sublimitas,
978 1031 1075 1064 Caelo
1101 1033 1233 1064 missum
1260 1043 1422 1075 empyreo.

230 1113 262 1145 2.
288 1113 326 1144 In
352 1113 445 1144 huius
471 1114 594 1145 culmen
621 1114 745 1147 arboris
915 1120 947 1151 4.
975 1119 1079 1156 Anna,
1107 1119 1211 1151 Maria
1238 1121 1361 1160 pariter

290 1160 377 1192 Deus
403 1161 512 1192 nidum
539 1163 689 1201 reposuit.
973 1166 1100 1198 Divinis
1127 1172 1218 1198 erant
1243 1169 1344 1200 oculis

287 1209 400 1239 Annae
427 1213 537 1240 venter
563 1210 635 1240 dum
663 1211 806 1250 corporis
973 1213 1092 1246 Gratae
1118 1225 1195 1254 prae
1221 1217 1343 1248 cunctis
1371 1218 1511 1250 dulciter

287 1256 411 1287 Mariae
438 1255 542 1288 fructu
568 1256 683 1290 floruit.
974 1263 1120 1294 Aeternis
1147 1272 1274 1303 semper
1299 1267 1446 1298 saeculis.

593 1345 624 1375 5.
651 1344 766 1376 Matris
791 1348 823 1375 et
847 1350 940 1377 natae
966 1347 1114 1386 precibus

649 1391 802 1430 Optamus
828 1402 885 1424 nos
911 1395 1099 1433 suppliciter

651 1438 738 1470 Caeli
765 1440 911 1481 coniungi
936 1443 1069 1482 civibus,

648 1486 715 1518 Deo
742 1485 805 1518 frui
832 1487 979 1523 feliciter.

302 1569 368 1594 Aut.
391 1572 418 1595 et
443 1569 541 1603 hymn.
568 1580 619 1596 ms.
642 1571 785 1598 Scarense
807 1581 881 1599 saec.
897 1572 955 1609 [14.
971 1573 1012 1611 et]
1030 1575 1071 1603 15.
1088 1579 1156 1605 Cod.
1174 1581 1313 1614 Upsalen.
1332 1583 1354 1610 C
1368 1581 1434 1610 422.
1450 1584 1483 1610 A.
1505 1600 1539 1604 —

225 1606 345 1633 collect.
374 1616 425 1633 nis.
455 1608 654 1636 vadstenense
684 1618 758 1636 saec.
787 1609 829 1637 15.
859 1612 928 1639 Cod.
955 1614 1093 1649 Upsalen.
1121 1617 1142 1643 C
1170 1617 1215 1645 23.
1245 1621 1336 1646 11—
1358 1622 1441 1648 Brev.
1468 1624 1539 1650 Liu-

225 1653 349 1678 copense
378 1646 445 1680 imp.
476 1647 685 1682 Norimbergae
714 1647 795 1675 1493.
817 1650 848 1676 C.
870 1664 907 1669 —
927 1652 1012 1679 Brev.
1039 1656 1179 1683 &carense
1201 1659 1269 1692 imp.
1293 1660 1432 1688 Holmiae
1456 1660 1539 1689 1495.

226 1682 262 1708 D.
286 1697 319 1701 —
343 1684 428 1710 BreV.
455 1684 611 1711 Arosiense
639 1687 706 1720 imp.
730 1688 864 1715 Basileae
887 1688 971 1717 1513.
994 1691 1029 1717 E.
1051 1707 1086 1710 —
1109 1695 1190 1722 Nach
1213 1697 1269 1723 Str.
1293 1697 1310 1723 5
1331 1699 1427 1725 Maria
1448 1704 1544 1728 mater

225 1722 337 1755 gratiae
359 1725 412 1748 etc.
434 1723 492 1749 und
514 1723 560 1749 die
582 1724 686 1750 Doxol.
709 1725 743 1751 ‹le
766 1727 856 1753 Beata
871 1727 903 1754 A.

692 1870 744 1900 121.
787 1872 828 1901 De
850 1875 959 1903 saneta
980 1874 1077 1905 Anna.

763 1931 816 1958 Ad
843 1932 996 1960 Laudes.

226 2004 256 2035 1.
284 2004 377 2035 Anna
404 2009 548 2037 matrona
574 2006 712 2038 maxima
913 2011 942 2042 3.
971 2011 1092 2043 Ambae
1119 2023 1244 2047 sursum
1272 2019 1407 2052 eximiae

284 2051 343 2083 Est
370 2053 553 2084 testamenti
579 2054 706 2091 veteris,
971 2058 1011 2089 Et
1039 2062 1266 2099 praeminentis
1292 2067 1423 2112 gloriae,

284 2099 346 2130 Per
371 2109 475 2132 mores
501 2104 569 2132 erat
596 2102 726 2141 optima,
972 2107 1142 2140 Precantes
1169 2121 1225 2142 nos
1251 2116 1401 2155 respicite

282 2147 452 2180 Excelsior
477 2158 555 2188 prae
582 2151 706 2182 ceteris.
973 2154 1069 2186 Vultu
1095 2157 1343 2198 misericordiae.

223 2234 254 2266 2.
282 2233 360 2264 Eius
387 2234 492 2266 Maria
518 2234 594 2276 filia,
910 2241 943 2271 4.
970 2239 1068 2272 Sacra
1094 2244 1253 2278 caelorum
1278 2250 1357 2291 acie,

281 2281 400 2313 Throni
430 2286 540 2314 tenens
567 2283 724 2322 sublimia,
967 2289 1060 2320 Felix
1085 2291 1188 2335 Anna,
1216 2295 1396 2331 sublimiter

283 2330 419 2362 Cunctos
446 2331 524 2371 legis
551 2336 581 2363 et
607 2333 728 2372 gratiae
969 2335 1144 2370 Coniuncta
1169 2346 1242 2374 tuae
1268 2343 1353 2378 filiae

282 2378 389 2418 Longe
414 2380 519 2419 praeit
544 2381 576 2411 in
603 2381 681 2415 acie.
969 2385 1031 2416 Pro
1057 2386 1148 2418 nobis
1175 2398 1231 2422 ora
1255 2392 1382 2432 iugiter,
