1653 2656
722 145 955 180 -14-

567 243 600 274 5.
628 240 740 273 Gloria
765 241 838 282 tibi,
864 241 1012 280 Domine,

629 288 752 328 Gloria,
779 290 954 330 unigenite,

629 337 708 368 Cum
736 337 852 377 spiritu
878 338 1035 378 paraclito

626 382 679 427 [Et
707 394 791 416 nunc
817 388 849 416 et
874 386 907 416 in
933 383 1148 430 perpetuumJ.

254 447 345 475 Psalt.
369 452 397 474 et
426 449 522 483 hymn.
545 458 597 475 ms.
620 450 829 477 Valcidorense
858 459 933 477 saec.
961 449 1033 478 ¹¹³'12.
1056 451 1130 478 Clm.
1151 451 1306 480 Monacen.
1330 450 1439 480 13067.
1461 469 1498 473 —

175 484 322 552 Vglisdie9
331 486 536 513 abweichende
558 487 644 514 Form
659 488 755 515 dieses
773 489 907 523 Hymnus
922 489 1008 516 Anal.
1025 490 1104 522 XIX,
1120 488 1138 517 9
1159 491 1218 517 und
1239 491 1286 518 die
1308 491 1497 528 Bemerkung

175 534 210 551 zu
248 525 284 552 Υι’.
325 545 331 551 .

570 600 612 629 12.
656 599 695 630 De
718 599 915 631 sanctissima
936 601 1100 633 Trinitate.

180 681 210 711 1.
237 679 262 711 O
289 679 426 718 gloriosa
454 678 591 716 trinitas,
866 683 898 714 2.
927 681 975 712 Tu
1001 682 1157 714 trinitatis
1184 683 1300 725 unitas,

234 726 335 757 Nobis
362 725 411 757 fer
437 735 530 766 opem
556 727 692 769 miseris,
923 731 1041 761 Arcem
1067 734 1180 762 tenens
1206 741 1285 771 prae
1311 733 1438 772 ceteris,

236 773 358 812 Quibus
384 783 442 814 per
468 778 499 805 te
523 775 563 805 sit
590 776 755 817 sanctitas,
926 778 1050 810 Poenas
1075 779 1221 811 remittas
1247 779 1375 812 debitas

233 821 374 853 Dimissa
400 831 483 854 noxa
507 823 649 854 sceleris.
922 826 964 857 Et
990 835 1048 857 nos
1075 826 1182 858 aduna
1207 829 1344 867 superis.

575 901 605 931 3.
635 899 704 931 Deo
729 901 814 939 patri
842 901 882 931 sit
907 901 1009 941 gloria

633 948 774 988 Eiusque
798 948 972 990 unigenito,

636 995 705 1027 Sint
732 1000 763 1026 et
790 996 896 1028 laudis
922 997 1091 1029 sollemnia

631 1042 766 1082 Spiritui
791 1045 961 1083 paraclito.

246 1117 339 1143 Psalt.
356 1121 384 1143 et
412 1117 511 1151 hymn.
536 1127 587 1144 ωε.
603 1118 726 1145 Eremit.
743 1121 772 1145 S.
787 1119 862 1154 Aug.
876 1120 1084 1156 Memmingen.
1098 1130 1174 1148 saec.
1192 1120 1234 1149 15.
1251 1122 1324 1149 Clm.
1338 1122 1493 1150 Monaceu.

170 1152 253 1181 8171.
275 1169 311 1173 -
336 1154 359 1188 1,
384 1153 402 1181 3
423 1155 463 1181 fit.
484 1171 521 1174 —
542 1156 625 1182 Mel.:
647 1157 802 1184 Verbum
830 1166 1033 1192 supernum
1064 1160 1257 1194 prodiens.

563 1278 604 1308 13.
645 1278 687 1308 De
709 1278 909 1310 sanctissima
930 1279 1096 1310 Trinitate.

674 1339 714 1364 Iu
746 1337 769 1364 1.
795 1339 987 1374 Vesperis.

171 1415 200 1445 1.
228 1413 354 1445 Exaudi
379 1423 446 1455 nos,
474 1423 530 1445 rex
557 1415 659 1451 unice,
858 1418 888 1449 3.
917 1418 952 1449 Iu
980 1417 1083 1449 tribus
1112 1417 1160 1450 fas
1186 1424 1233 1450 est
1261 1420 1395 1452 credere

228 1461 326 1500 Quem
352 1471 446 1492 unum
475 1461 551 1493 facit
577 1463 651 1494 unio
913 1465 992 1496 Tres
1017 1475 1182 1507 personas,
1210 1468 1268 1499 sed
1297 1478 1359 1500 non
1385 1469 1460 1512 tria,

228 1509 417 1540 Postestatis
443 1510 596 1541 mirificae
917 1513 1001 1552 Quas
1029 1514 1125 1545 donet
1153 1515 1245 1546 nobis
1273 1516 1379 1548 colere

225 1556 420 1597 Trinumque
446 1559 639 1597 personatio.
915 1560 986 1592 Una
1012 1562 1108 1592 trium
1134 1564 1283 1597 essentia.

169 1643 200 1674 2.
229 1643 437 1674 Personando
465 1643 698 1685 distinguimus,
857 1647 889 1679 4.
916 1647 946 1677 A
972 1647 1060 1678 nullo
1084 1652 1179 1687 pater
1206 1649 1296 1691 exiit,

226 1690 271 1721 Te
295 1691 463 1722 credamus
490 1696 522 1722 ut
548 1691 685 1733 trinitas,
915 1695 945 1725 A
971 1695 1038 1726 solo
1063 1699 1157 1734 patre
1184 1695 1279 1735 tilius,

226 1737 269 1769 Et
296 1738 337 1770 ad
363 1748 459 1771 unum
486 1738 666 1777 referimus,
913 1741 966 1774 Ab
993 1742 1042 1773 his
1068 1743 1202 1782 spiritus
1229 1745 1351 1784 prodiit

226 1786 269 1819 Ut
295 1787 448 1818 adoretur
473 1787 589 1820 unitas,
914 1789 1059 1832 Sanctus,
1087 1791 1254 1824 amborum
1281 1795 1437 1828 conscius.

567 1868 599 1897 5.
627 1866 716 1898 Patri
742 1867 973 1908 omnipotentia

625 1913 689 1945 Suo
716 1923 785 1945 cnm
811 1915 975 1955 unigenito

625 1961 672 1993 Sit
699 1963 851 2002 perennis
879 1968 910 1994 et
936 1964 1037 2003 gloria

625 2010 704 2042 Cum
732 2011 848 2050 spiritu
873 2011 1041 2051 paraclito.

242 2085 326 2110 Brev.
349 2084 509 2111 Grassense
532 2086 602 2121 imp.
623 2086 761 2121 Lugduni
790 2085 871 2114 1528.

593 2207 634 2238 14.
675 2207 810 2247 Hymnus
832 2208 1050 2249 Vespertinns.

163 2287 193 2318 1.
224 2285 319 2318 Sator
344 2277 575 2331 pdncedpsque
600 2292 791 2328 temporum,
853 2290 884 2323 2.
910 2290 1053 2322 Mentem
1079 2295 1114 2323 tu
1140 2297 1260 2325 castam
1288 2294 1405 2338 dirige,

221 2334 349 2366 Clarum
378 2335 460 2366 diem
487 2335 650 2367 laboribus
911 2337 1055 2371 Obscura
1079 2349 1119 2371 ne
1145 2341 1274 2374 silentia

222 2382 420 2423 Noctemque
445 2384 499 2424 qni
525 2384 694 2424 soporibus
911 2387 964 2418 Ad
992 2387 1063 2419 dira
1089 2389 1196 2421 cordis
1222 2391 1357 2424 vulnera

219 2431 303 2463 Fixo
330 2432 499 2473 distinguis
525 2433 639 2465 ordine
912 2435 999 2467 Telis
1024 2441 1194 2476 patescant
1218 2439 1332 2474 invidi.
