1653 2656
724 127 961 162 -38-

578 252 626 283 55.
669 251 701 282 {n
722 249 889 288 Exsequiis
911 248 1112 278 Mon-tuorum.

191 345 222 379 1.'
250 344 444 381 Recordare,
472 342 617 377 Domine,
878 342 908 370 4.
936 338 987 369 Ab
1014 344 1124 367 amara
1149 338 1252 366 morte

250 393 331 432 Quia
357 395 442 423 terra
469 395 499 421 et
525 390 630 429 pulvis
657 397 774 425 sumus,
936 385 1024 416 Erue
1049 392 1117 421 nos,
1145 382 1234 414 Deus
1258 381 1353 423 alme,

249 440 298 472 Ne
325 439 484 478 despicias
510 446 589 476 opus
939 433 1047 471 Parce,
1074 431 1136 462 iam
1162 438 1261 470 parce

249 488 379 520 Manum
406 491 541 517 tuarum.
937 481 1003 511 Tua
1031 479 1209 518 redemptis
1235 485 1340 509 cruce.

191 576 223 607 2.
250 573 377 605 Delicta
403 576 511 602 nostra
539 569 619 608 dele,
877 570 909 599 5.
937 565 1117 598 Animabus
1145 562 1370 596 defunctorum

250 622 331 661 Iesu,
360 619 500 650 salvator
525 626 543 648 ο
569 617 632 657 pie,
937 614 1085 646 Concede
1111 612 1252 652 requiem
1277 610 1435 650 polorum,

251 668 311 708 Qui
337 677 370 698 es
398 667 451 697 lux
475 674 561 705 vera,
590 664 727 704 Christe,
935 662 989 694 Ad
1017 661 1134 700 gaudia
1160 664 1342 692 sanctorum

252 716 402 747 Illumina
427 723 483 745 nos
509 718 544 743 tu
569 720 705 751 semper,
936 709 1062 742 Deduci
1089 707 1188 740 facias
1215 707 1392 740 beatorum.

191 803 221 835 3.
249 801 274 834 Ο
301 804 428 831 creator
453 808 489 830 ac
516 798 708 837 redemptor.
877 798 909 829 6.
938 796 1054 827 Preces
1079 803 1162 826 nunc
1188 793 1387 825 servulorum

251 848 425 880 Creaturae
451 852 523 878 tuae
550 850 718 883 memento,
938 843 1075 881 Exaudi,
1103 851 1160 874 rex
1185 841 1396 882 saeculorum,

250 897 378 929 Plasma
403 900 489 926 tuum
517 893 665 931 defende,
938 893 1040 923 Amen
1069 891 1177 922 dicant
1202 894 1356 930 astantes,

249 945 347 984 Quem
373 942 537 974 redemisti
564 941 709 981 benigne.
939 940 1061 971 Eadem
1088 943 1175 969 sorte
1200 938 1362 970 mortales.

267 1039 353 1065 Brev.
380 1046 433 1063 ms.
454 1035 685 1063 Humiliatornm
715 1031 783 1060 anni
816 1032 897 1060 1443.
929 1033 998 1060 Cod.
1026 1033 1162 1059 Vatican.
1185 1031 1270 1059 9217.
1292 1047 1328 1051 —
1348 1031 1431 1059 Teile
1457 1031 1508 1059 der

193 1081 291 1104 ersten
312 1074 436 1110 Strophe
458 1074 568 1101 kehren
589 1072 792 1099 abwechselnd
815 1072 857 1098 als
879 1072 1061 1098 Rundreime
1083 1071 1200 1098 wieder.

325 1751 380 1784 10.

324 1992 380 2024 15.

322 2231 380 2264 20.

566 1232 611 1263 56.
652 1231 697 1262 Ad
718 1231 920 1261 salutandum
942 1231 1136 1271 Episcopum.

403 1325 511 1355 Aurea
537 1331 608 1362 spes
634 1323 768 1362 patriae.
795 1322 955 1361 specimen
981 1321 1110 1361 pietatis
1136 1323 1271 1361 opimae,

451 1370 545 1401 Salve
571 1374 601 1400 et
627 1379 684 1400 nos
710 1370 836 1402 alacris.
863 1378 999 1408 semper,
1026 1369 1116 1400 adire
1142 1370 1232 1401 velis.

402 1419 536 1450 Munera
559 1427 658 1456 parva
685 1417 777 1448 nimis
804 1417 887 1448 haud
914 1426 1069 1456 quaquam
1098 1425 1235 1449 consona
1262 1418 1343 1450 votis

450 1465 615 1497 Ecclesiae
640 1466 751 1496 matris
777 1465 886 1504 accipe
912 1474 994 1496 nunc
1020 1465 1142 1497 hilaris.

369 1538 376 1545 .
403 1513 470 1544 Nos
495 1512 553 1543 tibi
580 1513 765 1551 praemittit,
793 1521 883 1552 quem
910 1512 1067 1552 quondam
1093 1513 1177 1544 lacte
1202 1512 1330 1553 refovit,

450 1560 543 1591 Texit
568 1565 598 1591 et
624 1561 791 1601 algentem,
818 1561 906 1600 parit
933 1565 962 1591 et
989 1561 1135 1595 esuriem,

403 1609 533 1647 Iamque
558 1609 617 1638 xiri
645 1617 740 1647 super
766 1609 909 1640 effectum
936 1607 1050 1639 festiva
1075 1609 1263 1649 triumphat,

452 1656 547 1688 Cuius
574 1655 719 1696 profectu
745 1656 916 1695 splendida
941 1660 1015 1687 nata
1041 1657 1132 1696 gerit.

403 1704 485 1736 Olim
512 1708 543 1736 te
569 1703 701 1743 genibus
728 1712 834 1734 carum
861 1704 995 1735 nutrivit
1021 1705 1193 1745 alumnum,

456 1750 547 1782 Nunc
574 1751 680 1782 visum
706 1760 794 1782 suum
823 1751 929 1783 nobile
954 1752 1159 1791 praesidium.

408 1799 556 1838 Quaeque
582 1799 672 1838 prius
697 1799 802 1830 baculi
828 1808 960 1838 parvum
987 1800 1203 1833 moderamine
1229 1803 1323 1841 rexit,

454 1846 547 1878 Nunc
573 1852 604 1878 te
630 1852 790 1886 pastorem
817 1847 933 1886 gaudet
961 1848 1073 1878 adesse
1100 1849 1172 1881 sibi.

405 1894 501 1931 Ecce,
530 1895 631 1926 sinum
658 1894 782 1934 pandit,
811 1900 841 1925 tc
867 1900 1055 1934 susceptura
1081 1895 1200 1928 fovebit

453 1942 591 1982 Infigens
616 1942 710 1973 labiis
736 1943 843 1974 oscula
871 1948 957 1974 casta
983 1944 1058 1976 tuis.

406 1991 630 2030 Amplexatur,
657 1995 752 2029 amat,
781 1995 962 2030 veneratur,
987 1991 1132 2034 honorat,
1159 1993 1338 2035 obumbrat,

456 2036 585 2072 Gaudet
611 2038 729 2069 habere
755 2048 843 2069 suum
870 2038 1053 2078 pontificale
1080 2046 1185 2080 caput.

409 2086 503 2125 Hinc,
532 2095 620 2126 rogo,
646 2087 840 2125 perpendas,
867 2087 951 2126 quod
977 2088 1072 2118 matri
1098 2089 1161 2120 tale
1188 2091 1357 2133 rependas,

455 2134 522 2166 Has
548 2134 609 2165 sibi
634 2135 735 2165 redde
760 2134 856 2175 tices,
883 2139 918 2166 ut
944 2135 1064 2174 pietate
1091 2137 1187 2171 colas

396 2183 526 2222 Iamque
552 2182 702 2217 salutaris
727 2182 786 2213 tibi
813 2182 941 2213 victima
968 2183 1128 2216 rediditur
1153 2186 1228 2225 aris,

455 2231 526 2262 Hoc
551 2235 586 2262 ut
611 2231 695 2262 idem
722 2229 832 2272 facias,
860 2231 923 2262 iam
948 2231 1040 2270 prior
1067 2232 1137 2271 ipsa
1163 2232 1251 2267 facit.

412 2278 560 2310 Foedera
585 2278 660 2310 bina
686 2279 757 2318 pari
782 2278 841 2309 sub
867 2279 1020 2318 religione
1046 2278 1240 2320 frequentas,

459 2327 538 2358 Inde
565 2331 656 2358 vocat
683 2327 830 2360 coniunx.
856 2330 959 2358 mater
984 2332 1014 2358 et
1039 2327 1114 2359 hinc
1141 2330 1269 2364 retinet.

406 2375 496 2407 Haec
520 2375 660 2415 pastoris
685 2383 789 2414 opem,
815 2375 883 2407 nati
910 2375 988 2406 haec
1012 2376 1163 2416 implorat
1189 2388 1339 2419 amorem,

452 2424 545 2456 Illam
568 2423 649 2464 lege,
676 2422 750 2462 fide,
777 2423 861 2455 hanc
885 2424 1004 2463 pietate
1031 2424 1110 2456 cole.
