1653 2656
694 153 735 157 —
786 130 952 165 246—

534 295 588 326 411.
630 295 672 325 De
693 302 732 324 ss.
755 292 894 331 Quinque
916 288 1118 328 martyribus.

668 374 718 400 Ad
746 372 980 400 Matutinum.

171 477 201 508 1.
229 475 351 513 Pangat
377 477 557 504 sanctorum
588 472 701 503 merita
880 470 911 502 6.
940 466 1097 500 Deficiunt
1125 473 1202 505 prae
1228 464 1336 496 taedio

229 521 344 554 Coetus
371 521 526 552 minorum
554 519 720 558 candidus,
939 516 1090 548 Cruorem
1117 523 1190 545 mox
1215 521 1278 544 non
1306 511 1442 543 fundere

225 569 337 601 Mente
364 568 503 600 delectat
529 568 658 599 subdita
940 565 1002 596 Pro
1028 562 1148 595 Christi
1174 561 1286 592 mortis
1313 559 1447 600 praedio

226 617 366 649 Excelsa
391 616 468 647 sede
494 615 695 655 splendidus,
940 612 1113 644 Contracta
1139 610 1238 641 corda
1263 608 1411 640 tundere.

168 714 202 746 2.
229 712 343 743 Partus
367 712 485 744 virtute
511 715 641 751 generat
881 710 911 741 7.
940 708 1055 740 Petunt
1081 705 1198 738 exinde
1223 705 1332 737 aditus

227 759 366 799 Stirpem
393 760 522 791 inclitus
549 758 704 798 fulgidam
939 755 1014 787 Paci
1039 755 1139 786 livore
1163 754 1316 794 gentium,

227 807 295 839 Nec
320 807 360 839 ab
384 808 455 847 ipso
483 807 655 847 degenerat
939 804 1076 842 Quorum
1103 811 1245 834 errorem
1269 800 1414 832 funditus

227 855 404 887 Nobilitate
430 854 589 886 floridam.
938 851 1113 884 Eliminant
1140 849 1326 883 furentium.

168 952 200 983 3.
229 950 326 982 Suavi
350 950 441 981 multi
466 954 595 981 nectare
877 950 910 982 8.
936 947 1152 979 Trucidantur
1178 945 1320 978 funiculo

229 998 348 1030 Christi
375 998 487 1029 sitiunt
512 998 705 1038 sanguinem,
939 995 1113 1026 Verberum
1140 995 1222 1026 ictus
1247 995 1399 1034 tolerant,

229 1045 407 1077 Rubeutem
434 1054 525 1076 rosae
550 1046 660 1076 iubare
933 1043 1095 1083 Figuntur
1121 1043 1233 1082 spinae
1258 1042 1383 1082 spiculo

229 1092 367 1124 Gustant
392 1093 492 1124 Deum
520 1096 551 1123 et
577 1093 745 1126 hominem,
936 1091 1004 1122 Nec
1031 1100 1083 1122 eas
1110 1099 1229 1130 poenas
1255 1091 1449 1131 ponderant.

173 1190 207 1220 4.
235 1188 362 1219 Tulisse
387 1189 499 1219 mortis
526 1188 669 1225 verbera,
880 1190 911 1221 9.
941 1187 1127 1218 Flectuntur
1152 1186 1255 1218 fracto
1281 1187 1400 1227 gladio,

233 1238 310 1267 Cum
336 1240 459 1267 uterum
487 1236 658 1276 egreditur,
938 1235 1101 1267 Cervicem
1128 1235 1265 1266 tendunt
1289 1243 1439 1277 propere,

234 1284 386 1315 Tremunt
412 1287 528 1322 pontus
553 1288 583 1314 et
608 1283 748 1322 aethera,
944 1282 1119 1314 Iubilantes
1146 1292 1224 1322 prae
1251 1282 1367 1322 gaudio

230 1330 314 1362 Dum
341 1339 433 1362 cruce
459 1331 582 1370 pallens
608 1331 751 1362 moritur.
940 1331 1044 1362 Iesum
1071 1331 1160 1370 sequi
1186 1339 1353 1371 prospere.

170 1427 204 1459 5.
233 1426 399 1465 Languent
426 1426 536 1457 dolore
562 1427 667 1457 nimio.
856 1428 910 1459 10.
938 1427 1081 1458 Praestet
1109 1426 1168 1457 hoc
1195 1427 1286 1458 nobis
1312 1427 1437 1466 genitus

231 1473 337 1504 Rubet
364 1473 469 1504 vultus
495 1473 535 1504 ob
562 1474 718 1510 lacrimas,
941 1475 1045 1505 Patris
1073 1474 1222 1506 caelestis
1249 1476 1371 1515 gratiae

230 1520 324 1551 Dulci
352 1522 424 1553 Iesu
450 1521 564 1552 eximio
935 1524 983 1553 Ac
1008 1523 1174 1563 utriusque
1199 1523 1343 1563 spiritus,

229 1567 359 1600 Donant
385 1577 499 1608 corpus
526 1574 557 1600 et
582 1569 713 1601 animas.
935 1572 1096 1601 Aeternae
1119 1571 1252 1610 iungant
1278 1571 1411 1611 gloriae.

243 1663 327 1689 BreV.
349 1671 402 1688 ms.
423 1663 648 1689 franciscanum
670 1665 738 1690 anui
762 1662 843 1690 1492.
867 1665 939 1691 Clm.
961 1665 1111 1692 Monacen.
1136 1664 1246 1693 2:3152.
1269 1681 1304 1684 —
1324 1665 1350 1698 9,
1371 1666 1390 1694 4
1410 1666 1484 1694 fehlt

165 1701 232 1728 eine
254 1700 349 1734 silbe3
372 1701 426 1727 lies
447 1706 661 1736 praepropere?
683 1702 752 1728 oder
773 1703 896 1738 ergfinze
917 1705 1001 1739 sequi
1022 1705 1089 1730 iam.

526 1870 590 1902 412.
633 1871 673 1900 De
696 1879 734 1900 ss.
758 1871 895 1910 Quinque
916 1871 1117 1911 Martyribus.

683 1951 724 1978 In
752 1952 958 1979 Laudibus.

166 2047 196 2080 1.
224 2047 349 2079 Victrix
376 2047 466 2086 fides,
493 2057 587 2088 quam
607 2058 668 2079 non
691 2048 793 2087 vides,
854 2051 885 2083 3.
913 2050 1016 2090 Reges
1044 2050 1164 2083 Christi
1190 2061 1295 2085 coram
1324 2055 1409 2086 tristi

272 2095 434 2134 Martyres
461 2096 559 2127 movit
585 2105 739 2135 quaerere
960 2098 1173 2139 Alligatisque
1199 2102 1344 2134 manibus

222 2142 335 2174 Mitem
362 2152 460 2181 esum,
489 2143 613 2175 dulcem
640 2145 756 2185 Iesum,
911 2146 1136 2189 Adducuntur‚
1169 2156 1387 2189 conspuuntur

270 2190 344 2221 Iam
374 2191 454 2223 lucis
481 2194 549 2223 orto
575 2192 689 2224 sidere.
961 2195 1081 2226 Somno
1108 2197 1235 2236 refectis
1262 2200 1408 2234 artubus.

163 2286 194 2317 2.
223 2285 294 2317 Lux
320 2285 352 2317 iu
378 2286 459 2325 luce,
487 2287 569 2329 Iesu,
597 2287 678 2318 duce
853 2290 885 2321 4.
912 2289 989 2328 Igne
1016 2290 1085 2322 diro
1112 2290 1191 2324 furit
1215 2294 1278 2325 tiro

270 2333 432 2374 Martyres
459 2334 578 2374 probas
604 2334 736 2374 framea,
959 2337 1051 2369 Mens
1077 2339 1109 2371 iu
1135 2345 1177 2379 te,
1205 2342 1288 2384 Iesu,
1316 2343 1426 2384 iubila,

223 2381 261 2413 In
287 2386 318 2412 te
343 2381 422 2414 flore
450 2387 482 2414 et
504 2383 608 2414 nitore
910 2385 977 2417 Iam
1003 2387 1198 2420 candescunt
1224 2395 1256 2422 et
1281 2391 1451 2425 albescunt

270 2429 357 2471 Lux,
384 2440 459 2474 ecce,
488 2431 592 2471 surgit
616 2440 728 2463 aurea.
957 2433 1041 2473 Nox,
1069 2437 1216 2470 tenebrae
1242 2441 1271 2471 et
1292 2440 1419 2472 nubila.
