1653 2656
338 714 392 747 10.

338 955 393 988 15.

691 115 915 151 -37-

531 209 580 240 53.
623 208 654 239 ln
679 187 847 248 Exsequiis
869 209 1058 239 Morinorum

416 279 591 320 Postquam
618 285 838 320 transgressus
866 280 993 313 Domini
1025 286 1229 322 praeceptum

416 327 523 360 Adam
549 329 691 368 gustavit
716 337 843 368 pomum
870 330 1089 371 interdictum,

415 377 567 414 Poenam,
595 385 688 416 quam
715 377 800 410 iuste
826 379 961 418 pertulit
986 379 1075 419 origo

417 425 589 464 Damnata,
616 425 708 457 nobis
735 425 845 457 intulit
871 426 1006 460 occulta.

384 497 392 505 .
419 473 512 506 Licet
537 473 732 513 baptismum
759 474 893 505 mundet
917 484 974 507 nos
1001 476 1033 507 in
1062 475 1167 514 culpa,

417 521 538 554 Tamen
564 522 696 562 antiquo
724 522 833 554 debito
860 532 919 562 pro
946 524 1052 555 carnis

419 570 572 602 Manente
600 570 666 601 vita
693 571 785 610 pauci
812 571 924 602 timent
952 575 1106 611 mortem;

419 617 483 650 Sed
510 627 580 651 cum
608 623 740 658 repente
766 620 889 651 venerit
914 621 955 651 ad
982 620 1087 661 finem,

419 666 504 706 Quos
531 675 615 698 nunc
642 667 805 699 delectant
833 666 966 707 fugitiva
992 669 1108 709 saecla,

420 715 535 746 Iniusti
561 715 636 746 iusti
663 715 787 757 fierent,
814 717 840 747 si
868 717 996 748 scirent.

420 762 529 795 Genus
556 763 726 796 humanum
754 765 896 795 nascitur
922 765 962 796 ad
989 765 1163 804 planctum⁷

419 812 545 851 Aspere
571 812 681 844 vivens
708 813 805 843 vitam
833 816 864 843 et
890 822 1089 851 consumens,

420 860 521 892 Laeta
548 861 740 900 spernentis,
769 861 858 892 duris
884 861 1103 895 adhaerentis

421 908 458 940 In
485 909 563 940 hora
589 909 701 940 mortis
728 909 856 939 numine
883 909 1037 942 timentis,

421 956 549 989 Christe
575 956 770 998 redemptor,
799 957 917 988 adiuva
944 957 1138 999 redemptos,

420 1006 617 1044 Quaesumus
645 1014 765 1043 omnes,
792 1005 901 1044 aspice
928 1005 1088 1042 misertus,

417 1053 555 1084 Animae
580 1053 676 1084 vitam
704 1052 808 1083 tribue
834 1057 907 1092 post
932 1056 1066 1084 mortem

418 1101 520 1132 Laeta
546 1101 686 1132 concede
711 1104 920 1140 temporaque
946 1104 1065 1134 nostra.

417 1148 572 1180 Dominus
600 1149 758 1187 Christus,
789 1149 873 1180 Deus
899 1149 1096 1185 adorandus,

334 1197 389 1229 20.
415 1196 581 1228 Laudetur
606 1197 720 1233 trinus,
745 1207 826 1228 unus
852 1201 882 1227 et
908 1200 1068 1230 aeternus.

214 1273 333 1301 Rituale
352 1282 404 1300 ms.
421 1274 632 1310 Aquilegiense
647 1282 715 1300 saec
741 1273 783 1300 ll.
800 1283 842 1300 ex.
859 1274 930 1302 eod.
947 1275 1035 1302 Univ.
1052 1275 1214 1301 Bononien.
1230 1272 1313 1302 2679.
1330 1288 1364 1291 —
1381 1274 1464 1301 Naeh

131 1311 162 1347 je
176 1313 248 1339 zwei
262 1312 362 1339 Zeilen
373 1312 547 1339 wiederholt
558 1312 620 1339 sich
632 1312 683 1339 der
694 1313 870 1339 Ruudreim:
888 1314 938 1346 Qu
948 1322 1000 1339 am
1016 1313 1033 1339 d
1043 1322 1119 1344 ure,
1135 1322 1150 1347 q
1163 1322 1238 1339 uam
1253 1311 1298 1348 [l.:
1311 1313 1430 1349 quando
1438 1311 1462 1348 P]

135 1352 296 1387 spiritus
324 1360 342 1378 a
368 1360 479 1378 earne
506 1351 652 1378 recedit
681 1366 719 1369 —
741 1352 891 1378 Abschrift
912 1361 970 1378 von
993 1353 1063 1378 Rev.
1087 1352 1123 1378 H.
1149 1353 1185 1378 M.
1210 1352 1377 1379 Bannister.

142 1545 172 1579 1.
200 1544 315 1576 Mundi
340 1544 526 1585 redemptor
542 1546 698 1586 Domine,

201 1593 335 1625 Latroni
358 1594 411 1634 qui
437 1593 585 1625 misertus
610 1603 653 1631 es,

533 1474 582 1506 54.
623 1475 657 1505 ln
679 1474 846 1514 Exsequiis
868 1475 1068 1505 Mortuerum.

889 1595 1085 1634 Angelorum
1114 1594 1278 1632 caelestia⁷

202 1641 295 1673 Nunc
320 1642 458 1682 petimus
485 1642 684 1674 clementiam
890 1643 1064 1674 Cherubim
1091 1643 1249 1683 ardentia,

199 1690 300 1722 Tuam
326 1690 421 1722 valde
447 1690 658 1731 magnificam,

141 1777 172 1810 2.
200 1776 244 1810 Ut
270 1777 398 1817 agmina
422 1778 568 1818 angelica
830 1781 862 1811 4.
891 1778 1059 1810 Cantando
1087 1778 1147 1809 tibi
1175 1778 1300 1809 cantica

197 1825 300 1857 Huius
327 1824 471 1858 defuncti
497 1827 632 1859 animam

196 1875 233 1906 In
259 1875 349 1915 regni
375 1874 420 1906 tui
448 1884 576 1907 auream

889 1691 1058 1731 Seraphim
1085 1691 1263 1723 altithrona

196 1923 407 1956 Introducant
435 1924 552 1958 aulam.
890 1925 967 1956 Alta
993 1924 1073 1955 caeli
1102 1924 1234 1963 palatia,

213 2234 301 2262 Brev.
329 2244 383 2262 ms.
410 2236 644 2262 Humiliatorum
675 2236 745 2262 anni
770 2233 852 2261 1443.
875 2234 945 2261 Cod.
968 2234 1104 2260 Vaticau.
1133 2231 1218 2260 9217.
1240 2247 1278 2250 —
1297 2233 1380 2260 Teile
1410 2242 1468 2261 von

137 2273 194 2302 Str.
219 2272 232 2301 1
254 2273 314 2301 und
335 2272 352 2301 2
373 2274 485 2302 kehren
507 2275 551 2302 als
573 2274 734 2302 Rundreim
759 2273 874 2300 wieder.
918 2272 999 2299 Nach
1023 2274 1078 2299 Str.
1102 2270 1120 2298 4
1141 2272 1215 2307 folgt
1236 2271 1326 2299 noch:

482 2014 512 2045 5.
540 2012 737 2051 Angelorum
764 2012 882 2052 gaudia

543 2061 690 2092 Potitura
715 2059 896 2101 magnifica,

544 2109 621 2141 Cum
649 2109 764 2149 quibus
791 2118 875 2140 nunc
904 2118 961 2149 per
985 2108 1069 2140 omia

542 2158 715 2198 Tripudiet
741 2167 800 2197 per
826 2158 965 2190 saecula.

598 2333 661 2359 Rex
683 2332 878 2362 saeculorum,
900 2334 1017 2357 tuorum

599 2372 723 2406 Suscipe
745 2379 846 2406 preces
869 2378 1029 2400 servorum,

598 2412 756 2437 Aeternam
778 2409 910 2444 requiem

599 2450 685 2476 Dona
708 2450 744 2481 ei,
766 2449 903 2476 Domine.

829 1548 859 1579 3.
889 1545 952 1578 Ubi
982 1546 1139 1577 resultant
1165 1545 1294 1585 agmina

891 1827 1023 1858 Sedenti
1050 1828 1153 1866 patris
1180 1827 1213 1857 in
1242 1826 1367 1868 dextra,

893 1877 991 1916 Quem
1020 1876 1192 1906 decantant
1223 1873 1407 1915 frequentia
