1653 2656
703 170 746 175 —
797 148 867 183 244
917 167 962 172 —

608 246 677 277 408.
718 245 760 275 De
780 242 888 274 sancto
909 238 1054 271 martino.

397 331 428 363 1.
454 328 614 362 Martinus
640 325 760 357 meritis
788 331 916 362 compar
941 319 1108 360 apostolis,

453 376 585 409 Praesul
611 373 804 415 magnificus,
835 368 1022 411 pontificum
1049 367 1157 405 decus,

452 426 488 457 In
514 424 631 455 mundo
658 421 813 453 celebrem
842 421 1007 450 consecrat
1033 416 1117 447 hunc
1144 414 1240 452 diem⁷

517 473 586 512 Qua
612 469 796 502 conscendit
821 467 861 499 ad
889 466 1029 498 aethera.

395 562 427 592 2.
454 558 614 591 Martinus
641 556 783 587 modicus
811 556 841 585 et
867 560 990 592 pauper
1015 550 1142 582 saeculo

453 607 551 639 Dives
577 604 756 644 ingreditur
780 610 878 641 regna
904 599 1066 640 perennia,

455 653 605 693 Quamvis
631 651 784 683 ecclesiae
811 657 889 689 pace
915 648 1104 687 quiesceret,

521 701 662 732 Palmam
688 698 835 738 martyrii
861 700 957 729 tenet.

393 790 424 822 3.
450 788 513 819 Hic
539 786 699 820 Christum
725 784 831 815 media
857 782 1023 822 chlamyde
1050 784 1184 821 texerat,

454 836 533 866 Tres
561 835 599 865 de
622 838 724 864 morte
750 832 834 863 viros
860 834 954 870 atque
980 828 1161 867 resuscitat,

455 883 537 915 Dum
564 882 658 913 nudis
684 880 824 913 brachiis
850 878 965 909 obtulit
990 877 1136 915 hostiam,

520 930 606 970 Ignis
632 929 764 960 caelitus
789 925 903 958 adfuit.

398 1019 428 1049 4.
455 1018 577 1055 Quanta
604 1014 766 1054 possideat
793 1012 909 1053 gaudia
935 1011 1105 1051 perpetIm,

454 1064 583 1095 Nullum
611 1072 664 1093 cor
692 1064 849 1101 penetrat,
876 1060 983 1098 lingua
1009 1059 1058 1089 vel
1085 1057 1236 1097 explicat,

454 1111 557 1144 Unam
583 1118 717 1149 namque
744 1112 830 1139 tenet
857 1112 1014 1147 perpetuo
1041 1106 1154 1137 stolam

523 1158 741 1189 Praestolatur
767 1161 798 1186 et
823 1155 968 1188 alteram.

401 1248 432 1278 5.
457 1245 482 1276 O
510 1243 659 1280 Martinc.
687 1242 755 1273 Deo
782 1241 909 1280 praesul
936 1239 1093 1278 amabilis,

457 1292 519 1323 Pro
544 1291 634 1322 nobis
662 1290 829 1320 Dominum
854 1297 950 1328 posce
977 1288 1146 1327 piisimum,

458 1339 499 1371 Ut
526 1338 657 1369 mundet.
680 1338 822 1376 miseros,
846 1336 977 1367 crimine
1002 1335 1160 1371 sordidos,

524 1386 618 1418 Iustis
644 1385 785 1425 praemia
811 1383 986 1415 conferens.

401 1476 430 1506 6.
459 1473 527 1504 Hoc
554 1481 690 1503 summus
717 1471 850 1510 genitor,
879 1469 1026 1500 conditor
1049 1468 1199 1509 omnium,

458 1521 527 1552 Hoc
553 1519 731 1558 unigenitus
757 1518 840 1549 filius
866 1518 987 1549 adnuat

459 1567 694 1606 Amborumque
721 1566 813 1597 simul
840 1566 972 1605 spiritus
997 1565 1103 1596 omnia

527 1616 705 1654 Disponens
731 1614 810 1644 bene
835 1614 971 1646 saecula.

262 1704 345 1729 Brev.
372 1711 423 1728 ms.
452 1701 631 1727 Civitatensc
660 1708 734 1725 saec.
764 1697 806 1725 15.
836 1698 906 1725 Cod.
934 1697 1068 1732 Art-hiep.
1097 1697 1215 1724 Utinen.
1247 1700 1310 1722 Oct.
1341 1695 1383 1722 10.
1409 1697 1440 1722 Α.
1466 1710 1501 1713 —

187 1743 294 1776 Ilymn.
323 1750 374 1766 ms.
405 1740 433 1766 S.
456 1739 532 1765 Petri
561 1738 646 1764 Mart.
675 1737 791 1763 Utinen.
819 1745 885 1762 saec
908 1734 951 1762 16.
973 1736 1042 1763 (jod.
1064 1736 1150 1762 Civit.
1174 1737 1292 1763 Utinen.
1315 1744 1337 1761 s.
1359 1744 1386 1761 n.
1412 1736 1441 1761 13.
1466 1751 1501 1754 —

186 1781 293 1815 Hymn.
323 1782 351 1805 et
378 1778 468 1804 psalt.
497 1786 547 1802 ms.
574 1777 753 1801 Civitatensc
781 1784 855 1801 saec.
887 1773 928 1800 15.
957 1774 1017 1801 eod
1056 1775 1212 1800 civitaten.
1242 1774 1380 1800 LXXIII.
1411 1773 1441 1800 C.
1468 1790 1501 1792 —

186 1819 278 1845 Psnlt.
301 1820 329 1843 et
350 1817 447 1851 hymn.
471 1824 521 1841 ms,
545 1815 722 1841 Civitateme
744 1822 820 1839 saec.
845 1811 885 1838 14Δ
907 1813 975 1839 (jod.
993 1813 1149 1838 Civitaten.
1167 1813 1289 1839 LXXII.
1316 1812 1350 1838 D.
1367 1825 1402 1829 —
1420 1813 1504 1838 Brev.

186 1866 238 1882 ms.
268 1856 446 1882 Civitatense
473 1855 542 1879 anni
574 1851 653 1878 14713.
684 1851 753 1877 wod.
781 1852 937 1877 civitaten.
965 1851 1099 1877 LXXIV.
1127 1849 1193 1883 [28).
1214 1851 1250 1877 Ε.
1271 1865 1308 1868 -
1330 1850 1427 1877 Sanct.
1452 1859 1504 1877 ms.

187 1895 396 1930 Aquilegiense
418 1902 492 1919 saec.
519 1891 560 1917 15.
583 1891 653 1916 t'od.
678 1888 825 1916 Labacen.
847 1888 891 1915 71.
914 1889 943 1915 F.
967 1906 1000 1908 —
1024 1890 1108 1915 brev,
1130 1889 1341 1924 Aquilegiense
1362 1890 1432 1924 imp.
1448 1890 1504 1916 Ve-

186 1934 273 1960 netiis
299 1933 345 1963 (de
364 1931 547 1961 Torresauis)
570 1927 650 1955 1496.
667 1930 700 1955 G.
720 1943 745 1946 —
768 1928 793 1958 3,
818 1926 830 1954 l
848 1929 895 1953 Sic
912 1928 1059 1953 christum
1080 1928 1110 1954 B.
1126 1941 1162 1945 —
1183 1926 1211 1959 4,
1232 1929 1250 1954 Z
1266 1927 1367 1963 lingua
1382 1937 1434 1954 net·
1457 1937 1504 1955 ex-

186 1972 274 2007 plicat
297 1972 327 1998 F.
349 1984 385 1988 —
407 1968 433 2000 5,
458 1968 469 1996 1
495 1969 519 1995 11
543 1968 670 1994 Mai-tine
694 1967 755 1993 Deo
780 1966 821 1998 E;
844 1967 868 1992 ‹i›
886 1966 958 1992 fehlt.
980 1963 1042 1993 BG.
1058 1981 1094 1984 —-
1109 1964 1135 1992 5.
1157 1964 1174 1992 2
1195 1967 1280 1992 nobis
1303 1975 1390 2001 posce
1408 1967 1502 1993 Deum

187 2011 339 2045 pissimum
361 2009 391 2035 F.
413 2021 449 2026 —
470 2006 496 2041 6,
522 2005 533 2032 1
558 2006 638 2032 Haec
661 2014 790 2031 summus
811 2007 844 2030 A.
866 2018 901 2021 —
924 2003 949 2031 6.
971 2003 988 2030 2
1011 2007 1122 2030 annuat
1142 2004 1220 2031 filius
1243 2005 1273 2031 F.

621 2164 690 2194 409.
732 2163 773 2194 De
795 2165 901 2194 sancto
923 2162 1066 2193 Mar-tino.

674 2224 725 2250 Ad
754 2223 778 2250 1.
806 2224 1004 2259 Vesperas.

192 2310 222 2342 1.
252 2307 359 2341 Sancti
385 2305 519 2338 Martini
545 2303 701 2345 praesulis
875 2303 906 2335 2,
934 2302 992 2340 Qui
1019 2302 1050 2332 in
1077 2303 1296 2336 adulescentia

247 2357 408 2396 Hymnum
433 2353 509 2385 laeti
536 2350 712 2392 referimus,
935 2350 992 2381 Dei
1020 2356 1193 2391 praecepta
1219 2353 1320 2384 tenuit

251 2405 310 2444 Qui
335 2404 396 2434 hoc
422 2400 611 2441 contempsit
638 2399 797 2430 saeculum
934 2399 1117 2439 stipemque
1143 2401 1264 2441 largam
1291 2402 1409 2442 iugiter

249 2454 474 2490 Mercatusque
500 2453 548 2480 est
574 2446 759 2488 praemium.
934 2447 1087 2487 Erogavit,
1112 2449 1319 2489 pauperibus·
