1653 2656
192 325 223 359 1.

179 1316 221 1419 ὢΞΞῠ

209 829 217 836 .
244 804 319 834 Mox
345 803 506 836 decoravit
534 805 670 837 nobilem
869 809 900 840 6.

205 1715 210 1721 .
240 1691 382 1731 Pangere
409 1694 531 1724 cantica
557 1694 684 1725 laetitae

716 135 759 140 —
813 115 880 150 136
923 136 975 154 .-

623 236 691 268 230.
733 238 841 268 sancto
866 237 1046 269 Eustachio.

870 330 902 361 4.
929 329 1013 367 Quos
1039 329 1188 360 Placidus
1215 329 1284 369 rapi
1313 330 1426 363 videns

929 376 1045 408 Leonis
1071 385 1108 408 ac
1133 377 1200 416 lupi
1226 386 1291 414 ore,

929 424 1024 464 Cupit
1050 424 1211 466 submergi
1237 424 1376 464 flumine,

930 471 1010 503 Nam
1039 472 1176 504 coniunx
1200 477 1292 512 rapta
1314 474 1420 506 nautis
1438 478 1496 510 est.

255 325 361 358 Palma
388 330 536 358 canentes
562 328 713 369 martyris

246 373 375 414 Egregii
403 374 569 406 Eustachii

245 422 375 453 Oremus
401 422 489 453 illum
516 423 629 460 seduli,

248 470 289 501 Ut
315 469 491 501 intercedat
518 480 577 510 pro
603 471 704 505 nobis.

928 568 1062 600 Romani
1091 567 1154 599 dux
1181 569 1340 600 exercitus

929 615 1068 648 Orbatus
1095 616 1170 647 colit
1197 616 1367 655 hortulum,

929 663 994 697 Ubi
1022 664 1086 695 suis
1111 665 1265 696 militibus

927 711 1068 745 Cicatrix
1095 710 1173 743 fecit
1198 713 1367 753 cognitum.

247 565 303 602 Qui
330 565 465 604 gliscens
493 575 619 598 cervum
645 575 770 608 capere,
870 570 901 600 5.

245 613 341 651 Quem
369 613 525 645 cursitans
552 619 678 646 secutus
706 619 763 652 est,

247 660 385 691 Venator
411 662 531 700 praeda
558 660 643 693 facta
670 668 726 701 est,

244 707 324 739 Nam
352 708 469 740 Christi
495 711 554 740 reti
582 714 693 750 captus
720 714 778 743 est.

929 807 1065 839 Coactus
1094 809 1224 840 Romam
1252 810 1379 841 rediens

928 856 1053 887 Invenit
1078 861 1201 896 raptam
1230 858 1394 897 coniugem

928 903 1027 935 Simul
1056 913 1124 935 cum
1152 905 1216 936 suis
1244 905 1328 943 filiis,

926 951 1010 990 Quos
1037 951 1122 983 Deus
1149 957 1250 984 morte
1277 954 1404 993 eripuit.

241 851 374 882 Domum
401 852 549 892 baptismi
578 863 704 886 munere

242 899 282 930 Et
311 900 414 931 omnia
439 900 661 941 derelinquens

242 945 342 977 Natos
370 956 437 978 cun]
465 949 595 989 coniuge
623 948 737 982 defert.

530 1045 560 1076 7.
585 1046 668 1083 Quos
696 1045 839 1076 conditos
867 1046 1068 1078 christicolas

585 1092 723 1123 Adriani
745 1094 792 1124 ira
820 1094 957 1132 pessima

583 1140 677 1170 Iussit
704 1141 783 1171 mori
809 1141 840 1172 in
867 1150 960 1172 aereo

584 1187 668 1218 Bove
694 1188 827 1219 ardente
853 1189 993 1221 nimium.

257 1279 339 1305 BreV.
373 1289 423 1305 ms.
455 1280 635 1307 civitatense
671 1291 744 1308 saec.
781 1282 824 1309 15.
846 1282 914 1310 Cod.
944 1283 1079 1319 Art-hiep.
1112 1285 1191 1312 I'tin.
1224 1286 1286 1312 Oct.
1321 1283 1363 1312 10.
1393 1287 1427 1314 Α.
1456 1302 1492 1306 -

224 1325 265 1342 vv.
294 1325 346 1343 ms.
375 1318 552 1345 (sivitatense
575 1322 643 1346 anni
675 1319 755 1347 1476.
785 1321 854 1348 Cod.
884 1322 1004 1348 Civitat.
1032 1323 1158 1350 LXXIV
1179 1322 1237 1357 (20)
1258 1325 1290 1351 B.
1313 1339 1346 1343 —
1370 1325 1490 1361 Antiph.

213 1366 224 1375 κ
257 1354 435 1382 civitatense
457 1366 530 1383 saec.
558 1357 592 1384 15
624 1359 692 1384 eod.
718 1359 874 1386 civitaten.
897 1361 1002 1386 XLIV.
1025 1361 1054 1387 (¹.
1078 1376 1113 1378 —
1148 1361 1176 1391 1Ί
1209 1361 1221 1388 1
1245 1363 1346 1390 Palma
1369 1368 1491 1391 ovantes

210 1413 214 1417 .
240 1407 271 1410 —
294 1391 320 1421 3,
341 1392 358 1417 2⁹»
380 1393 417 1420 Et
438 1395 507 1421 fehlt
530 1397 563 1422 A.
586 1410 619 1413 —
642 1395 668 1424 4,
693 1396 704 1422 1
728 1397 850 1424 Placida
871 1399 929 1424 AB.

613 1546 672 1577 231.
717 1547 756 1577 De
778 1551 885 1578 sancta
908 1548 1058 1579 Eustella.

677 1608 716 1634 Iu
746 1606 768 1634 1.
796 1608 981 1643 vesperis.

860 1699 890 1728 4.
919 1697 1001 1728 Dum
1021 1697 1165 1729 Sodomis
1185 1704 1276 1738 pater
1294 1701 1363 1741 ipse
1382 1705 1488 1734 manet

240 1738 392 1778 Martyris
419 1750 521 1772 annua
548 1743 746 1774 Xantonicae

239 1786 304 1817 Nos
336 1787 469 1819 celebris
500 1793 605 1820 monet
631 1790 691 1822 ista
718 1791 796 1832 dies,

238 1835 387 1866 Xantona
413 1836 544 1876 virginis
570 1842 616 1868 est
644 1838 777 1878 requies.

238 1930 374 1970 Regibus
401 1932 487 1964 edita
512 1934 700 1965 Xantonicis

237 1978 336 2010 Diluit
363 1979 487 2011 ethnica
513 1985 588 2012 nata
615 1983 713 2013 sacris

238 2026 364 2058 Crimen
389 2028 489 2069 aquis,
522 2029 608 2060 Deus
633 2034 667 2061 ut
685 2030 795 2062 statuit

240 2074 372 2106 Praesul
399 2080 430 2106 et
453 2076 627 2117 Eutropius
656 2078 771 2111 docuit.

203 2196 208 2201 .
237 2170 328 2202 Hanc
345 2172 424 2212 pulit
446 2172 560 2212 impius
577 2173 657 2205 urbe
671 2183 798 2215 parens,

237 2219 327 2251 Iesus
353 2220 443 2252 adest
471 2221 533 2252 cito
559 2222 765 2264 compatiens,

237 2267 399 2307 Quamque
408 2278 495 2300 suam
506 2269 621 2308 probat
632 2279 711 2311 esse,
727 2280 800 2302 suus

237 2315 347 2348 Sacrat
371 2317 534 2356 apostolus
559 2317 745 2358 Eutropius.

251 2413 332 2439 Brev.
356 2414 546 2441 Xantonense
568 2415 637 2450 imp.
658 2415 785 2442 Pictavii
808 2413 890 2443 1542.

919 1745 1038 1776 Mentis
1064 1751 1095 1776 et
1121 1746 1231 1779 abdita
1257 1749 1347 1789 virgo
1374 1754 1473 1790 tenet,

924 1792 1073 1832 Eutropii
1100 1803 1203 1826 comes
1229 1797 1359 1828 assidua

919 1841 1074 1882 Postulat,
1102 1841 1218 1875 infidus
1244 1848 1277 1875 ut
1305 1845 1420 1885 sapiat.

856 1938 887 1970 5.
916 1937 986 1968 Rex
1013 1938 1098 1977 cupit
1126 1940 1248 1972 auxius.
1276 1946 1309 1972 ut
1338 1941 1461 1982 redeat,

915 1984 986 2015 Vile
1000 1990 1122 2017 tumens
1139 1992 1230 2026 pater
1244 1989 1326 2020 lianc
1341 1993 1488 2032 revocat,

915 2032 1060 2072 Dumque
1093 2033 1157 2066 fide
1183 2041 1288 2067 manet
1315 2038 1347 2069 in
1378 2038 1488 2080 dubia,

914 2080 1105 2120 Eutropium
1133 2081 1218 2114 ferus
1245 2093 1319 2116 ense
1348 2091 1450 2119 necat.

884 2199 892 2208 .
920 2176 1029 2208 Virtus
1056 2177 1156 2210 honor
1182 2180 1222 2211 sit
1249 2186 1281 2212 et
1306 2182 1489 2224 imperium,

919 2223 1046 2256 Christe
1057 2226 1251 2268 redemptor,
1261 2234 1291 2261 et
1300 2229 1489 2271 obsequium

921 2271 1021 2304 Grata
1047 2273 1106 2305 tibi
1132 2279 1184 2306 tua
1209 2276 1373 2311 Xantouia

921 2321 1067 2353 Praestet
1094 2327 1123 2354 et
1150 2322 1295 2357 officiosa
1321 2331 1426 2361 canat.
