1653 2656
729 152 984 188 —182—

582 279 643 310 312.
685 277 727 308 De
747 276 854 307 sancto
875 273 984 305 Iacobo
1005 271 1131 303 Maiore.

740 335 795 363 Ad
816 334 970 363 Laudes.

203 422 233 453 1.
259 419 371 451 Colant
399 417 505 449 cuncti
533 417 629 448 choro
655 415 755 446 iuncti
888 415 919 446 5.
947 410 1043 443 Multi
1069 412 1163 440 orant
1189 411 1218 439 et
1245 405 1419 446 implorant

307 466 415 499 Iacobi
441 465 586 497 natalitia
997 458 1068 490 Suis
1095 455 1222 488 delictis
1247 453 1410 492 Iacobum,

261 515 301 546 Et
328 513 507 554 compuncti
535 511 661 544 Christo
686 510 763 542 laeti
947 507 1041 538 Hunc
1066 505 1224 536 honorant
1249 506 1281 533 et
1305 501 1453 534 laborant

309 562 452 594 Psallant
486 560 614 592 laudum
642 557 826 598 praeconia.
994 553 1120 586 Salvari
1145 560 1204 592 per
1229 549 1418 590 apostolum.

202 651 231 682 2.
262 650 325 680 Iste
351 651 478 679 sanctus
502 650 607 677 manet
632 644 729 676 tantis
887 643 917 674 6.
945 640 1040 672 Hunc
1065 638 1184 670 habere
1209 636 1326 677 gaudet
1353 642 1428 667 vere

310 696 485 727 Decoratus
510 693 680 734 miraculis,
994 687 1212 727 Hispaniaque
1238 683 1442 719 translatum,

262 744 380 775 Noster
406 746 517 774 cantus
544 739 653 781 nequit
679 739 778 771 tantis
947 737 1009 768 Det
1036 735 1149 767 sedere
1175 737 1205 764 et
1231 731 1371 773 gaudere

309 791 537 823 Demonstrare
563 788 712 820 oraculis.
995 783 1096 815 Nobis
1122 782 1207 813 inter
1232 779 1460 820 principatum.

202 880 234 911 3.
262 878 370 909 Mutus
397 876 493 915 fatur,
521 885 605 907 mors
632 874 760 914 fugatur
888 872 918 905 7.
945 871 1060 903 Sancte
1088 869 1146 900 Dei
1173 868 1328 907 apostole,

310 926 436 956 Virtute
462 924 563 955 sancti
591 922 709 961 Iacchi,
994 919 1056 950 Ora
1082 926 1141 957 pro
1168 915 1259 947 nobis
1285 913 1469 951 Dominum,

260 973 354 1004 Visus
381 973 485 1010 datur,
511 975 680 1002 enervatur
949 966 991 999 Ut
1020 965 1157 996 caeleste
1181 963 1273 995 nobis
1300 971 1358 1002 per
1383 965 1415 992 te

311 1020 456 1051 Potentia
482 1019 612 1050 diaboli.
997 1013 1103 1045 Donet
1129 1020 1253 1044 sacrum
1281 1009 1445 1050 palatium.

202 1109 234 1139 4.
263 1105 395 1137 Sanctos
421 1105 549 1144 stringit
574 1108 605 1134 et
631 1101 747 1142 affligit
891 1101 922 1132 8.
949 1099 997 1131 Sit
1023 1098 1109 1138 patri
1134 1101 1228 1137 atque
1253 1095 1320 1127 filio

312 1153 496 1185 Herodiana
522 1151 638 1187 rabies,
999 1146 1075 1178 Cum
1103 1146 1218 1185 spiritu
1244 1144 1414 1184 paraclito,

264 1202 343 1233 Inde
369 1200 464 1231 scidit
489 1203 519 1230 et
545 1199 663 1230 occidit
949 1194 1110 1231 Trinitati‚
1137 1192 1252 1224 unitati

314 1248 461 1280 Iacobum
487 1247 570 1278 inter
597 1246 693 1277 acies.
998 1243 1172 1280 Honorque
1198 1239 1239 1271 sit
1265 1242 1431 1279 perpetuo.

282 1335 365 1361 Brev.
382 1332 510 1359 Elnense
532 1332 602 1366 imp.
624 1330 794 1365 Perpiniani
821 1326 903 1355 1500.
917 1342 954 1346 —
974 1325 1001 1358 4,
1021 1324 1039 1353 3
1060 1325 1130 1352 Inde
1151 1324 1231 1351 cidit.
1250 1338 1284 1342 —
1306 1323 1332 1357 5,
1354 1321 1372 1350 2
1387 1322 1522 1350 delectis.

586 1479 646 1510 313.
688 1479 729 1509 De
754 1480 860 1508 sancto
882 1476 990 1507 Iacobo
1011 1475 1137 1505 Maiore.

732 1539 771 1566 In
793 1536 995 1571 Lauffdibns.

214 1623 244 1653 1.
272 1620 396 1661 Iambe,
426 1619 547 1651 Christi
574 1617 703 1656 famule,
895 1616 925 1648 3.
953 1614 1083 1654 Tuoque
1110 1622 1166 1644 nos
1192 1613 1376 1652 precamine

271 1668 405 1699 Nostros
432 1668 586 1698 clamores
612 1665 739 1704 suscipe
954 1662 1019 1693 Fac
1046 1661 1125 1693 caeli
1152 1669 1275 1692 summa
1300 1659 1467 1697 scandere,

270 1716 311 1747 Et
337 1715 398 1746 tuis
425 1715 523 1746 sacris
550 1712 699 1753 precibus
955 1710 1022 1748 Quo
1049 1709 1209 1740 valeamus
1237 1716 1367 1739 cernere

268 1763 391 1795 Munda
417 1771 473 1794 nos
500 1761 602 1801 culpis
629 1759 785 1792 omnibus,
956 1758 1071 1796 Iesum,
1098 1756 1224 1793 Iacobe,
1252 1756 1368 1788 adnue.

214 1852 246 1883 2.
272 1849 316 1882 Ut
343 1849 412 1880 luce
438 1847 629 1888 spiritalium
899 1846 930 1877 4.
957 1845 1101 1884 Praesta,
1128 1847 1221 1882 pater
1245 1843 1398 1882 piissime,

274 1896 528 1936 Resplendentes
554 1895 780 1926 charismatum
956 1892 1107 1931 Patrique
1133 1900 1264 1931 compar
1288 1891 1392 1927 unice,

270 1946 307 1976 ln
333 1945 429 1976 corde
457 1944 554 1975 simus
580 1942 691 1982 sobrii,
959 1940 1036 1972 Cum
1063 1939 1179 1981 spiritu
1205 1939 1362 1978 paraclito

271 1994 308 2026 In
334 2001 429 2025 carne
455 2000 582 2031 semper
607 1990 712 2022 liberi.
959 1988 1107 2028 Regnans
1133 1996 1192 2027 per
1217 1996 1309 2018 omne
1335 1986 1510 2018 saeculum.

291 2079 374 2105 Brev.
397 2078 587 2104 Xantonense
610 2076 679 2110 imp.
701 2073 827 2100 Pictavii
851 2069 934 2099 1542.

594 2225 655 2256 314.
697 2224 738 2255 De
758 2232 797 2254 ss.
819 2222 927 2254 Iacobo
952 2224 982 2253 et
1002 2220 1156 2262 Philippo.

217 2310 246 2342 1.
277 2308 399 2349 Gaude,
428 2311 529 2339 mater
555 2306 702 2345 ecclesia,
903 2305 934 2337 2.
962 2303 987 2336 Ο
1012 2303 1108 2335 beata
1134 2303 1330 2336 candelabra

277 2361 363 2396 Quae
391 2357 453 2388 duo
476 2356 554 2387 colis
579 2354 710 2394 lumina,
961 2352 999 2383 ln
1025 2352 1092 2392 poli
1117 2352 1179 2384 sita
1205 2351 1356 2390 culmine,

275 2406 461 2438 Sanctorum
488 2403 563 2435 bina
588 2403 705 2444 gaudia
964 2400 1093 2432 Peccati
1119 2400 1202 2432 nosti
1228 2399 1397 2432 tenebram

276 2453 380 2485 Mittis
407 2453 448 2485 ad
473 2452 554 2484 caeli
579 2451 700 2484 limina.
962 2449 1078 2480 Vestro
1104 2453 1238 2490 purgate
1266 2448 1396 2482 lumine.
