1653 2656
729 133 993 170 —259—

484 224 515 256 5.
545 223 652 266 Salve,
679 231 822 271 praesul,
850 236 1068 274 perpetuatim

547 272 690 308 Cernens
717 277 830 311 flentes
856 291 893 313 ac
920 283 1097 323 rogitantes

542 321 641 355 Totas
667 326 699 357 in
726 330 758 358 te
783 337 857 368 spes
884 334 916 362 et
940 331 1108 376 habentes,

546 371 684 404 Cunctos
712 377 834 408 cunctis
860 379 938 410 tolle
965 380 1106 415 dolores.

484 437 514 468 6.
545 437 675 470 Plebem
705 441 827 474 Christi
854 445 1039 488 laetificato,

543 485 686 529 Morbos,
715 495 822 529 pestes
849 493 1012 534 alleviato,

542 534 635 566 Vinci
658 539 809 570 mundum
838 540 968 574 foedere
994 550 1096 588 casto,

539 581 601 614 Per
627 588 658 615 te
684 587 775 618 nobis
802 590 919 628 gaudia
945 596 1047 627 sunto.

482 649 511 680 7.
537 650 597 688 Qui
624 653 709 690 patri
737 662 806 685 cum
834 663 1004 695 pneumate
1031 667 1141 694 sancto

545 698 606 728 Par
631 701 788 733 exsistens
815 709 863 734 est
891 705 983 738 homo
1011 707 1125 751 factus,

540 746 593 777 Illi
619 753 726 787 grates
753 751 906 784 solvimus
933 764 1041 788 omnes

541 793 700 834 Regnanti
727 807 786 837 per
812 803 940 834 saecula
968 812 1094 840 cuncta.

263 854 348 881 Brex'.
374 865 426 883 ms.
448 857 689 890 Emmerainense
721 874 797 892 saec.
823 865 865 893 15.
891 869 964 897 (slm.
986 872 1139 900 Monacen.
1166 875 1199 902 14
1209 875 1272 904 757.
1295 880 1328 905 A.
1351 895 1386 898 —
1410 882 1520 917 Hymn.

182 899 236 917 ms.
264 894 292 919 S.
322 894 403 921 Petri
431 896 518 924 Mart.
548 898 667 928 Utinen.
697 911 772 930 saec.
802 904 843 932 16,
877 907 946 934 eod.
970 910 1058 937 Civit.
1083 913 1200 941 Utinen.
1230 925 1251 941 s.
1275 926 1302 943 n.
1325 919 1359 945 B.
1380 935 1415 938 —
1441 922 1472 952 2,
1503 920 1521 950 3

182 929 339 967 dandoque
361 937 483 969 patrem.
508 951 540 954 -
563 935 581 964 3
596 958 602 967 .
624 938 642 966 3
664 940 777 968 Ornant
800 943 832 969 B.
855 959 888 963 —
911 945 937 976 4.
964 947 975 974 1
999 952 1096 983 pascis
1119 954 1311 982 esurientium
1336 958 1368 984 B.
1392 974 1428 977 —
1450 960 1476 991 4,
1499 959 1517 988 3

183 969 282 1004 fugam
305 971 338 997 B.
360 987 395 991 —
417 972 443 1006 4,
469 973 487 1000 4
508 977 615 1003 servat
636 979 666 1004 in
687 982 715 1006 te
738 982 796 1007 iam
818 983 850 1008 B.
874 999 909 1003 —
931 984 957 1015 5,
982 986 993 1012 1
1019 994 1160 1023 perpetua
1182 992 1214 1018 Bi
1237 1007 1273 1011 —
1289 993 1314 1023 5,
1338 994 1355 1023 3
1370 998 1460 1024 Totas
1484 1002 1515 1027 iu

182 1010 210 1034 te
238 1018 320 1043 spem
341 1011 374 1037 B.
397 1025 434 1029 —
455 1011 485 1044 6,
517 1013 529 1040 1
558 1015 699 1044 laetificat
720 1019 753 1045 B.
778 1034 813 1038 —
835 1020 866 1053 6,
895 1021 912 1049 ‘2
939 1024 1043 1051 Morbo
1072 1029 1102 1053 13.
1126 1043 1161 1046 -
1183 1030 1215 1061 6,
1245 1031 1262 1058 4
1284 1032 1341 1060 Pro
1370 1039 1397 1062 te
1424 1038 1454 1064 Η.
1481 1054 1516 1057 -

181 1044 208 1078 7,
229 1044 247 1073 3
269 1048 319 1074 Illi
342 1049 415 1076 fehlt
436 1051 468 1097 12.

621 1138 690 1168 43⁴.
733 1140 775 1171 De
798 1145 906 1174 sancto
929 1143 1064 1178 Nicolao.

728 1191 779 1217 Ad
809 1193 963 1222 Laudes.

178 1249 208 1281 1.
237 1249 399 1283 Sollemne
425 1257 551 1294 tempus
577 1256 733 1299 imminet,
873 1266 905 1296 4.
933 1265 992 1305 Tu,
1018 1268 1157 1311 Christe,
1184 1277 1327 1306 nostrum
1347 1278 1512 1323 gaudium,

232 1297 353 1331 Nostra
380 1300 498 1334 chorea
522 1303 637 1336 iubilet
932 1313 980 1345 Tu
1008 1316 1217 1351 confitentum
1246 1321 1402 1365 bravium,

232 1348 269 1379 In
297 1347 393 1380 laude
420 1352 534 1382 summi
559 1353 676 1386 iudicis
933 1362 1022 1395 Votis
1050 1365 1181 1399 intende
1208 1372 1390 1410 supplicum

230 1395 274 1426 Et
300 1395 426 1429 Nicolai
452 1402 623 1439 praesulis.
931 1410 1090 1446 Donando
1117 1416 1202 1448 vitae
1229 1422 1419 1458 praemium.

171 1462 203 1496 2.
231 1463 421 1504 Congaudct
448 1467 515 1498 eius
542 1469 665 1508 gloriae
866 1478 897 1508 5.
926 1477 969 1509 Et
996 1483 1040 1522 tu,
1069 1484 1222 1517 sacerdos
1249 1486 1350 1531 hagie,

227 1510 383 1544 Caelestis
410 1515 491 1546 ordo
519 1517 626 1549 curiae
927 1526 1003 1563 Nos,
1033 1529 1176 1571 Nicolae,
1204 1537 1330 1575 respice

227 1559 362 1600 Talique
388 1562 548 1601 plaudens
576 1575 726 1607 compare
926 1574 998 1606 Tibi
1026 1575 1172 1612 faventes
1199 1582 1299 1616 iubilo

227 1608 390 1641 Christum
425 1609 610 1652 frequentat
644 1616 802 1652 dramate.
925 1623 1070 1665 Totoque
1099 1628 1273 1666 desiderio.

167 1676 198 1709 3,
227 1676 330 1708 Huius
357 1685 527 1718 sequentes
554 1683 671 1722 gaudia
862 1691 892 1722 6.
923 1691 1059 1726 Nostros
1087 1702 1194 1730 reatus
1226 1700 1312 1732 dilue

224 1724 378 1758 Dicamus
405 1734 437 1760 et
463 1739 520 1761 nos
551 1732 675 1765 cantica
921 1739 989 1772 Tuo
1017 1743 1157 1777 clemens
1184 1750 1338 1783 oramine.

222 1774 286 1806 Pro
312 1783 407 1814 posse
433 1782 544 1810 nostro
570 1782 710 1820 paucula
920 1789 1016 1822 Tales
1043 1792 1156 1826 iuvans
1184 1797 1350 1839 exsistere,

221 1822 374 1855 Votorum
401 1834 479 1858 vera
504 1829 626 1862 nuntia.
920 1838 1036 1877 Quales
1064 1840 1209 1876 fruamur
1235 1846 1366 1881 lumine.

580 1897 610 1932 7.
639 1899 676 1930 In
703 1909 765 1940 quo
791 1912 924 1936 manens
951 1905 1092 1941 feliciter

637 1947 686 1979 Tu
712 1950 850 1983 trinitati
876 1953 994 1994 iugiter

637 1996 802 2031 Persolvis
829 2001 960 2036 laudum
987 2006 1113 2039 cantica

636 2046 698 2078 Per
723 2050 923 2082 saeculorum
951 2055 1089 2089 saecula.

230 2104 322 2132 Psalt.
354 2109 392 2134 et.
424 2106 525 2143 hymn.
558 2119 610 2137 ms.
638 2112 852 2143 Valcidorense
883 2127 959 2146 saec.
994 2119 1065 2155 ¹¹s12.
1094 2124 1166 2150 Clm.
1194 2126 1348 2156 Monaeeu.
1380 2130 1491 2159 13067.

151 2141 186 2168 A.
209 2157 244 2161 —
266 2144 353 2172 Brev.
382 2146 623 2177 Emmeraruense
652 2160 728 2179 saec.
762 2153 804 2181 15.
827 2155 900 2183 Cim.
923 2159 1078 2188 Monacen.
1109 2161 1215 2191 14757.
1241 2166 1270 2191 B.
1296 2182 1333 2186 —
1354 2169 1414 2197 Ant
1451 2176 1481 2199 et

151 2179 251 2216 hymn.
280 2192 333 2210 ms.
360 2183 504 2231 Soet-ense
533 2197 609 2233 slaec.
642 2189 685 2218 14.
714 2189 757 2227 [et
788 2192 843 2230 15].
873 2196 943 2223 Cod.
973 2198 1114 2246 Upsalen.
1145 2204 1168 2228 C
1197 2202 1263 2230 422.
1295 2207 1326 2233 C.
1352 2222 1385 2226 —
1411 2192 1443 2242 Ξ,
1474 2193 1492 2237 .3

655 2306 702 2334 Sit
722 2310 850 2338 trinitati
872 2312 978 2348 gloria,

655 2348 701 2374 §it
722 2347 824 2382 honor,
847 2351 887 2378 sit
908 2352 972 2380 laus
994 2354 1104 2389 debita,

655 2386 809 2423 Nobisque
831 2389 917 2418 detur
937 2394 1026 2421 venia

651 2424 709 2452 Per
730 2426 849 2455 Nicolai
872 2432 985 2458 merita.

223 2455 307 2482 Nacli
330 2457 389 2485 Str.
410 2455 437 2486 3.
460 2459 616 2489 Divisio
639 2463 669 2490 B.
693 2481 730 2485 —
753 2466 812 2492 Ans
835 2468 858 2494 C
880 2469 926 2496 bei
949 2471 1119 2506 Klemming
1141 2475 1194 2505 III.
1222 2475 1284 2505 137.

1250 2527 1307 2554 17*
