1653 2656
143 237 178 272 8,
202 236 266 276 Qui
291 245 350 269 nos
375 245 434 269 suo
460 237 622 270 consortio

204 285 263 318 Pio
288 284 401 324 iungat
425 285 590 326 suffragio,

206 334 270 367 Pro
295 333 388 365 nobis
415 342 510 366 orans
537 333 710 367 Dominum

209 381 383 422 oppressis
409 382 493 414 mole
520 383 699 416 criminum.

691 139 928 175 -85—

843 239 876 271 4.
903 237 1002 277 Quem
1029 236 1110 269 fides
1136 240 1245 268 nostra
1273 236 1418 277 triplicet

902 286 943 319 Et
970 285 1171 326 triplicatum
1198 284 1371 324 simplicet.

904 334 1043 370 Patrem.
1071 338 1180 366 natum
1207 342 1245 365 ac
1271 333 1420 373 spiritum

901 383 1053 415 Adorans
1080 382 1112 414 in
1139 386 1340 422 perpetuum.

221 467 303 494 Pass.
324 476 378 494 ms.
394 467 422 494 S.
442 467 575 495 Audoeni
591 469 786 504 Rotomagen.
808 477 885 496 saec.
910 466 954 495 12.
977 469 1016 495 in.
1033 468 1105 496 Cod.
1121 469 1314 504 Rotomagen.
1339 466 1421 495 1406.
1439 480 1475 485 —-

144 506 302 543 „Hymnus
324 506 404 533 beati
426 506 591 534 Audoeni“.

573 643 632 674 138.
674 644 716 675 De
739 645 847 675 sancto
870 643 1053 682 Augustino.

657 705 708 731 Ad
738 706 972 732 Nocturnum.

145 783 177 817 1.
206 782 395 822 Augustino,
423 781 478 813 lux
506 782 673 813 doctorum

254 830 304 862 Ex
331 829 474 870 fulgente
501 830 629 867 lumine,

206 880 349 919 Fugator
375 878 610 910 haereticorum

253 927 332 959 Cum
359 927 487 959 exculto
514 926 644 966 famine,

205 975 309 1007 Fuisti
336 975 583 1007 christianorum

253 1025 323 1056 Fax
349 1024 477 1055 interno
504 1023 644 1055 flamine.

143 1111 176 1143 2.
205 1110 368 1142 Exstitisti
396 1109 499 1141 forma
526 1119 648 1141 morum

250 1159 287 1190 In
314 1162 425 1190 sancta
451 1158 599 1198 ecclesia,

204 1207 433 1239 Ornamentum
460 1208 649 1238 clericorum

254 1256 346 1287 Vitae
373 1255 561 1289 relucentia.

204 1303 278 1335 Dux
305 1303 394 1335 fuisti
420 1303 611 1343 populorum

255 1352 350 1383 Verbi
379 1352 590 1383 remanentia.

838 784 868 815 3.
898 782 1002 813 Fuisti
1029 783 1234 813 eremitarum

946 830 1115 861 Fundatur
1141 831 1345 872 praecipuus,

900 878 1065 910 Exstitisti
1086 879 1254 910 viduarum

948 927 1128 958 Instructor
1155 925 1337 967 mellifluus,

900 975 1046 1007 Omnium
1074 974 1314 1014 coniugatarum

950 1024 1146 1062 Praeceptor
1172 1023 1348 1055 asssiduus.

838 1111 871 1142 4.
900 1109 1082 1149 Egenorum
1110 1109 1263 1140 educator

950 1157 1054 1188 Fuisti
1083 1166 1151 1188 cum
1179 1157 1332 1195 lacrimisq

902 1205 1111 1244 Captivorum
1140 1205 1295 1237 liberator

949 1254 1138 1285 Commones
1164 1253 1204 1285 ab
1232 1254 1365 1294 intimis,

899 1301 1125 1342 Orphanorum
1153 1301 1339 1334 defensator

951 1350 1078 1381 Viribus
1107 1351 1293 1382 verissimis.

494 1442 524 1471 5.
554 1438 638 1475 Tibi,
667 1438 764 1471 Deus.
793 1437 999 1468 decantemus

599 1487 695 1518 Hunc
721 1486 872 1527 hymnum
900 1486 1061 1523 alacriter,

551 1535 624 1566 Tibi
651 1543 776 1574 quoque
803 1534 914 1565 laudes
941 1534 1052 1565 demus

601 1584 679 1616 Cum
706 1582 821 1614 affectu
849 1582 997 1620 dulciter.

552 1631 704 1663 Trinitati
731 1639 939 1671 personemus

602 1680 657 1712 l¹io
685 1680 781 1712 corde
807 1679 933 1718 iugiter.

225 1768 346 1795 Collect.
373 1777 426 1794 ms.
454 1775 529 1794 saec.
559 1765 601 1793 15.
632 1766 701 1793 Cod.
729 1764 874 1792 Oxonien.
896 1764 1018 1796 (Canon.
1042 1766 1146 1800 Script.
1172 1764 1252 1791 Eccl.
1279 1763 1334 1797 89).
1356 1780 1393 1783 —
1415 1766 1474 1793 Ab·

145 1807 248 1834 schrift
270 1816 327 1834 von
348 1807 419 1834 Rev.
442 1807 480 1834 H.
504 1807 542 1832 M.
568 1806 734 1833 Bannister.

569 1943 629 1975 139.
670 1943 711 1974 De
734 1944 841 1974 sancto
864 1941 1048 1982 Augustino.

701 2005 750 2032 Ad
771 2004 932 2039 Laudes.

149 2086 180 2119 1.
209 2083 303 2119 iussu
328 2086 466 2126 praelati
493 2085 665 2126 presbyter

208 2134 360 2167 Sacratus
386 2144 460 2166 mox
488 2134 675 2166 coenobium

208 2183 364 2226 Instituit,
392 2188 428 2214 ut
453 2183 577 2215 viveret

210 2232 287 2269 Cum
315 2230 471 2264 fratribus
498 2231 718 2263 communiter.

147 2321 179 2353 2.
211 2317 316 2354 Kasto
342 2329 376 2352 se
402 2323 477 2351 voto
504 2319 646 2351 vinciens

213 2369 340 2411 Pauper
365 2368 402 2401 fit
428 2373 458 2400 et
484 2368 670 2407 oboediens»,

212 2417 271 2457 Re,
299 2427 406 2458 carne,
434 2420 540 2449 mente
568 2417 740 2456 devovens»,

211 2465 276 2499 Sed
303 2467 439 2499 caritate
466 2465 668 2506 praesidens,

843 2086 874 2117 3.
904 2081 1023 2117 Locum
1052 2091 1121 2113 cum
1149 2086 1235 2113 tenet
1264 2082 1422 2121 praesulis

904 2131 1028 2164 Crescit
1054 2130 1146 2170 fides,
1174 2139 1258 2170 spes,
1287 2130 1417 2169 caritas,

903 2179 1066 2212 Doctrinis
1094 2183 1126 2210 et
1152 2178 1315 2210 miraculis

903 2229 1049 2269 Augetur
1075 2227 1135 2259 Dei
1162 2228 1287 2260 civitas,

845 2319 878 2350 4.
906 2313 1018 2349 Mundi
1046 2315 1208 2355 despectis
1236 2314 1350 2355 opibus

906 2364 978 2396 Non
1005 2368 1127 2395 testans
1157 2372 1282 2404 pauper
1307 2363 1399 2403 obiit,

907 2413 1102 2446 Coniunctus
1130 2412 1211 2444 caeli
1237 2412 1360 2444 civibus

907 2463 944 2494 In
971 2461 1117 2503 paradisi
1143 2461 1279 2502 gaudiis,
