1653 2656
753 116 989 151 -82-

476 213 510 244 2.
538 212 670 252 Suscipe
695 221 807 252 preces
833 213 926 244 huius
952 217 1026 244 tuae
1051 213 1156 253 plebis

534 260 577 291 Et
602 261 706 293 Iesum
734 260 895 293 Christum
923 261 1070 301 supplica
1095 269 1155 300 pro
1181 260 1238 299 eis,

538 308 583 341 Ut
608 317 662 340 eos
688 312 794 340 servet
816 308 909 340 simul
936 312 968 340 et
995 307 1150 340 defendat

675 356 727 388 Ab
753 356 838 388 omni
864 356 958 389 malo.

475 432 506 463 3.
533 431 589 470 Qui
618 435 649 462 te
675 432 793 464 locavit
818 432 870 464 hic
894 432 1095 474 miraculose,

535 479 579 512 Ut
604 480 689 519 apud
716 480 819 520 ipsum
845 488 931 511 esses
957 480 1161 522 intercessor,

534 526 586 557 Sic
612 531 680 558 esto
707 531 812 559 custos
837 528 929 559 huius
955 528 1001 559 tui
1027 529 1135 570 castri,

675 575 796 606 Montis
823 575 924 608 Ciani.

470 651 502 682 4.
530 649 630 681 Simul
657 659 725 682 cum
753 655 845 690 patre
872 651 991 683 celebri
1017 652 1197 691 Augustino

536 697 662 738 Iungito
688 704 791 729 tecum
816 699 907 730 illum
933 699 1111 739 Nicolaum,

534 745 594 784 Qui
620 745 779 778 Tolentini
805 756 931 787 semper
957 751 1005 778 est
1032 747 1192 791 defensor,

676 794 740 825 Nos
767 796 939 827 custodire.

472 871 501 901 5.
529 869 647 900 Tecum
673 871 827 911 coniunge
852 881 960 903 omnes
985 873 1065 904 caeli
1093 873 1189 911 cives,

534 917 721 958 Prophetas,
746 923 845 960 vates,
873 924 1040 960 martyres,
1067 922 1199 961 Antoni,

533 965 648 996 Omnes
675 967 831 1009 doctores,
859 974 986 999 sanctos
1013 969 1172 1007 eremitas,

675 1013 864 1053 Supplicent
889 1019 1005 1048 tecum.

473 1089 504 1120 6.
534 1089 678 1128 Virgines
705 1099 838 1130 quoque,
865 1096 900 1122 ut
926 1092 1015 1131 virgo
1042 1094 1255 1136 permansisti,

533 1136 601 1167 Duc
628 1137 659 1167 in
687 1136 827 1169 favorem
854 1138 957 1180 tu(ae)
985 1145 1113 1171 sanctae
1140 1145 1300 1181 catervae,

534 1183 585 1214 Sic
611 1188 685 1215 ante
711 1185 871 1217 Christum
898 1196 957 1226 pro
983 1187 1073 1219 nobis
1097 1193 1225 1220 orantes

674 1232 779 1264 Dicite
805 1243 931 1266 omnes:

475 1308 503 1338 7.
532 1307 643 1339 Gloria
669 1310 754 1348 patri
780 1311 948 1350 genitoque
974 1320 1109 1351 semper,

533 1355 572 1386 Et
599 1357 651 1395 qui
679 1358 823 1395 procedit
850 1358 934 1389 Deus
961 1367 1000 1390 ex
1027 1365 1170 1401 utroque,

531 1402 671 1434 Trinitas
698 1411 818 1440 sancta,
844 1407 967 1445 respice
995 1408 1137 1440 dicentes

672 1453 766 1484 Hunc
792 1462 915 1484 sacrum
941 1454 1102 1494 hymnum.

282 1521 477 1557 Alphabetuin
499 1526 755 1561 Augustinianum.
779 1529 808 1554 in
837 1538 893 1563 quo
914 1531 1059 1564 praeclari
1080 1532 1233 1561 Eremitici
1258 1535 1369 1563 ordinis
1391 1539 1525 1572 germina

206 1560 393 1596 virorumque
420 1566 448 1589 et
473 1564 644 1591 feminarum
671 1565 819 1592 domicilia
847 1572 1043 1595 recensentur.
1089 1572 1199 1599 Autore
1221 1573 1252 1599 P.
1273 1573 1312 1600 M.
1334 1575 1366 1601 F.
1387 1575 1524 1603 Thomu

206 1597 249 1624 de
284 1599 462 1631 Herrera,
489 1601 620 1629 Eremita
642 1604 858 1638 Augustiniano
881 1610 933 1632 ete.
966 1607 1078 1634 Matriti
1107 1608 1189 1636 1644.
1220 1626 1256 1630 —
1283 1612 1358 1639 Dem
1386 1614 1523 1649 Hymnus

210 1635 282 1671 folgt
312 1639 501 1666 unmittelbar
527 1641 591 1667 eine
618 1641 815 1676 rhythmis-che
836 1644 987 1679 Antiphon
1016 1646 1111 1675 (nebst
1132 1648 1267 1676 Versikel
1292 1651 1353 1678 und
1373 1651 1522 1687 Oration):

663 1686 780 1716 Almum
802 1690 878 1717 diem
901 1692 1056 1719 recolimus

663 1728 839 1755 Celebritate
863 1738 959 1756 annua

661 1768 791 1799 Antonii,
813 1776 898 1802 quem
921 1769 1066 1796 credimus

661 1805 872 1832 Intronizatum
897 1807 1000 1841 gloria,

663 1844 717 1876 Qui
741 1844 834 1874 nobis.
858 1845 939 1871 velut
960 1848 1104 1881 cupimus,

661 1881 879 1915 Patrozinetur;
901 1885 1024 1917 grandia

662 1917 795 1946 Pati-avit
816 1925 847 1947 ut
869 1923 926 1948 iani
948 1923 1085 1957 vidimm,

661 1958 763 1984 Patrat
783 1968 859 1986 nunc
881 1964 908 1986 et
929 1962 1071 1988 miracula

661 1998 728 2023 Suis
750 2001 846 2024 mente
869 1999 1051 2034 supplicibus

658 2034 829 2063 Praebendo
852 2038 925 2063 mira
947 2046 1076 2065 munera.

201 2076 279 2105 Eine
300 2079 405 2112 Quelle
426 2081 465 2107 ist
485 2081 567 2108 nicht
587 2083 766 2117 angegeben.

642 2194 702 2226 133.
743 2195 785 2227 De
807 2199 916 2229 sancta
938 2199 1085 2239 Api-onia.

211 2261 242 2295 1.
270 2262 428 2294 Excelsae
453 2264 558 2296 laudis
582 2266 707 2298 cantica
893 2270 926 2302 2.
953 2270 1056 2302 Huius
1084 2273 1150 2304 vita
1176 2276 1379 2309 sanctissima

263 2310 443 2351 pangamus
470 2321 540 2344 cum
566 2314 705 2346 melodia
952 2319 1057 2351 Claris
1085 2319 1210 2361 fulgens
1237 2324 1410 2358 virtutibus

263 2358 427 2398 Aproniae
453 2360 621 2402 magnifica
953 2367 1156 2407 virginitatis
1182 2370 1252 2403 lilia

264 2405 479 2440 Recensentes
505 2409 681 2443 sollemnia.
953 2415 1053 2447 Plena
1079 2417 1152 2449 tulit
1178 2419 1342 2455 odoribus.
