1653 2656
626 81 863 104 ,03-

525 164 588 196 108.
629 162 672 194 De
693 163 804 193 sancto
825 158 967 200 Aegidio.

84 250 114 284 1.
142 248 269 289 Gaude,
295 246 402 280 fidelis
426 246 544 283 contio,
778 245 809 275 5.
839 241 902 272 Per
927 239 1011 271 hunc
1035 237 1138 270 omnis
1165 236 1337 268 infirmitas

143 297 262 330 Sancto
287 295 448 336 plaudens
475 293 626 335 Aegidio,
844 287 953 328 Fugit,
981 286 1079 318 cessit
1103 284 1272 325 sterilitas,

142 345 223 379 Eius
248 352 387 384 namque
412 342 580 374 sollemnia
841 337 1045 376 Recuperata
1072 333 1165 373 copia

144 394 244 427 Sacra
270 393 348 425 colit
373 390 520 423 ecclesia.
844 384 964 417 Gavisa
992 383 1050 415 fuit
1080 382 1186 415 Gotia.

84 485 117 516 2,
145 479 319 515 Confessor
345 483 393 510 est
420 477 555 510 eximius
783 475 814 506 6.
844 471 991 504 Perfecte
1018 470 1093 510 quia
1119 467 1269 504 credidit,

149 529 269 564 Christi
297 531 427 560 sanctus
453 525 624 566 Aegidius‚
846 521 951 552 Vitam
979 518 1131 550 defuncto
1158 515 1315 552 reddidit,

148 579 248 618 Quem
273 575 445 608 oriundum
474 573 613 606 Graecia
846 569 951 608 Ipsius
978 568 1019 598 ad
1046 565 1181 605 imperia

149 627 210 660 Dei
235 624 386 657 lustravit
413 623 529 664 gratia.
844 617 967 657 Fugata
995 619 1069 646 sunt
1097 613 1277 645 daemonia.

96 717 128 750 3,
155 712 390 746 Laudabuntur
415 718 475 750 per
500 708 629 740 saecula
788 706 821 737 7.
847 704 1000 736 Sanctum
1028 701 1171 741 quisquis
1198 698 1370 738 Aegidium

150 762 293 794 Virtutes
321 763 353 790 et
378 758 546 790 miracula.
848 753 952 792 Digne
980 751 1069 788 colit,
1096 748 1272 789 propitium

151 811 238 850 Quae
265 809 375 841 divina
401 806 547 847 potentia
849 800 1012 833 Christum
1040 797 1148 835 habet,
1176 805 1234 827 nec
1260 795 1364 834 gratia

152 857 298 892 Patravit
323 856 363 888 ab
390 854 537 887 infantia.
851 850 945 881 Caret
973 847 1075 887 petita
1103 846 1205 876 venia.

94 949 126 981 4.
153 945 280 978 Aetatis
307 952 388 983 puer
414 946 544 974 tenerae
790 938 822 970 8.
852 936 1049 967 Veneremur
1075 933 1159 963 hunc
1186 930 1319 969 pariter.

156 995 232 1025 Viro
257 990 424 1032 languenti
449 990 566 1020 misere
850 984 984 1016 Oremus
1012 980 1217 1017 unanimiter,

158 1043 253 1074 Veste
281 1040 371 1072 dedit
398 1038 552 1074 remedia,
855 1031 897 1064 Ut
925 1030 966 1061 ad
995 1034 1126 1061 aeterna
1153 1026 1270 1066 gaudia

155 1091 220 1123 Per
244 1098 338 1130 quam
366 1087 453 1127 cepit
477 1084 630 1118 salubria.
853 1079 920 1111 Nos
945 1077 1102 1117 perducat
1130 1083 1226 1114 prece
1255 1073 1319 1113 pia.

491 1165 524 1196 9.
553 1161 666 1195 Gloria
693 1159 762 1197 tibi⁷
790 1158 930 1196 trinitas,

555 1212 640 1243 Laus
667 1208 737 1247 tibi,
765 1211 875 1239 sancta
903 1205 1020 1237 unitas,

553 1260 604 1291 Ex
631 1258 721 1289 cuius
747 1255 906 1296 sapientia

556 1308 636 1339 Sunt
663 1310 695 1337 et
721 1308 876 1345 reguntur
902 1301 1019 1333 onmia.

175 1392 285 1426 Hymn.
307 1398 360 1415 ms.
384 1388 412 1414 S.
435 1387 516 1413 Petri
539 1385 626 1412 Mart.
649 1383 770 1410 Utinen.
795 1389 870 1407 saec.
896 1378 938 1405 16.
961 1376 1031 1404 Coti.
1056 1376 1145 1402 civit.
1171 1373 1292 1400 Utinen.
1313 1380 1334 1397 s.
1351 1379 1380 1396 u.
1395 1385 1432 1388 —

101 1430 128 1465 4,
149 1429 167 1458 2
189 1431 305 1457 misero.
328 1443 365 1446 —
388 1424 413 1458 6,
437 1425 455 1452 3
478 1425 591 1460 Impius
614 1422 659 1449 ad.

552 1537 616 1567 1051.
661 1535 702 1566 De
726 1534 837 1564 sancta
860 1531 996 1571 Agatha.

647 1596 698 1624 Ad
726 1594 883 1622 Laudes.

106 1687 136 1722 1.
165 1687 251 1725 Quas
277 1681 450 1715 seminavit
475 1677 626 1710 lacrimas
801 1676 833 1707 4.
862 1671 927 1704 Ubi
953 1669 1050 1701 castis
1076 1664 1280 1706 amplexibus

164 1734 259 1767 Nunc
284 1730 375 1763 metit
403 1737 502 1760 ovans
530 1726 668 1767 Agatha,
864 1720 989 1760 Sponsa
1017 1717 1109 1748 beata
1137 1714 1291 1753 iungitur,

164 1783 246 1823 Quia
270 1781 302 1812 in
331 1778 422 1819 regni
447 1776 528 1808 solio
865 1769 942 1801 Cum
970 1776 1032 1807 quo
1059 1767 1169 1805 regnat
1198 1760 1338 1793 feliciter

165 1833 322 1864 Laetatur
349 1836 418 1859 cum
446 1824 602 1864 tripudio.
866 1818 987 1849 Lumen
1015 1814 1134 1853 adepta
1161 1810 1292 1851 gloriae.

108 1921 140 1953 2.
169 1918 226 1952 Cui
255 1916 347 1949 dolor
373 1923 436 1946 non
465 1911 614 1951 amplius,
807 1910 839 1940 5.
867 1905 964 1938 Cuius
991 1901 1084 1934 nobis
1111 1897 1313 1930 elementiam

168 1968 288 2000 Luctus
315 1973 377 1996 non
405 1961 466 1993 erit
494 1969 552 1992 nec
579 1962 698 1996 aestus,
866 1955 965 1986 Prece
991 1950 1144 1990 imploret
1170 1945 1283 1977 sedula

169 2016 250 2057 Quia
276 2014 344 2046 eius
371 2011 411 2044 ab
439 2009 540 2042 oculis
869 2003 965 2034 Suum
995 1998 1120 2031 devotis
1147 1993 1308 2027 mentibus

169 2065 336 2097 Lacrimas
364 2061 452 2093 Deus
481 2058 635 2091 detraxit.
872 2051 933 2083 Hic
959 2048 1076 2080 festum
1103 2041 1352 2077 celebrantibus

112 2156 143 2188 3.
173 2154 240 2186 Iam
269 2152 353 2183 enim
380 2148 483 2180 hiems
510 2144 652 2182 transiit,
811 2141 844 2173 6.
873 2139 921 2171 Sit
948 2137 1018 2167 laus
1044 2133 1130 2174 patri
1158 2129 1299 2170 ingenito

172 2201 282 2235 Imber
308 2197 407 2230 cessit
433 2199 462 2227 et
490 2194 581 2231 abiit,
874 2187 1017 2224 Eiusque
1044 2180 1209 2220 unigenito
1255 2225 1260 2230 ι
1286 2225 1290 2229 Ι

173 2251 346 2283 Florentes
372 2248 483 2277 assunt
506 2243 619 2274 vineae
876 2235 950 2267 Una
976 2241 1046 2263 cum
1075 2232 1186 2261 sancto
1213 2228 1330 2265 spiritu

174 2301 212 2333 ln
238 2302 329 2329 terra
353 2291 566 2326 redolentiae.
878 2284 914 2315 ln
941 2281 1137 2320 sempiterna
1164 2273 1302 2307 saecula.

191 2374 285 2402 Psalt.
308 2374 338 2399 et
357 2370 458 2405 hymn.
482 2376 534 2394 ms.
549 2365 758 2394 Tridentinum
779 2369 855 2388 saec.
876 2356 936 2395 [12.
955 2355 996 2393 et]
1022 2354 1064 2383 13.
1085 2348 1315 2386 (Privatbesitz).
1333 2362 1369 2366 —
1385 2346 1413 2379 3,
1432 2345 1445 2373 1

115 2416 212 2445 hiems
233 2413 333 2441 traxit.
355 2425 391 2430 —-
414 2407 442 2440 5,
465 2405 478 2433 1
501 2405 669 2433 clementia.
