1653 2656
669 127 930 162 -252—

594 223 655 254 421.
696 222 738 253 De
759 222 867 252 sancto
888 219 1006 250 Mauro.

648 283 700 310 Ad
721 282 960 309 Nocturnum.

147 369 177 401 1.
205 366 354 400 Romanis
381 365 453 395 olim
481 363 610 395 sedibus
827 361 857 392 5.
886 358 966 390 Nam
995 356 1089 396 fame,
1115 356 1169 387 siti
1195 355 1293 387 nimia

203 415 314 454 Dignis
340 417 428 444 ortus
456 411 616 443 natalibus
884 408 990 446 Atque
1016 405 1115 437 multa
1141 404 1261 444 vigilia,

202 463 319 495 Divina
345 459 548 501 providentia
885 454 1018 494 Semper
1042 456 1147 484 tactus
1173 451 1276 483 cilicio

201 511 246 543 Ut
270 510 363 541 stella
389 508 489 548 fulget
514 505 695 546 splendida,
886 502 1014 534 Ardore
1041 500 1162 534 Christi
1188 500 1285 532 nimio

147 599 178 630 2.
205 595 296 628 Beati
320 593 504 633 magisterio
827 590 858 621 6.
886 587 1000 620 Multis
1025 585 1224 618 orationibus

203 642 368 676 Benedicti
395 641 594 672 sanctissimo
887 635 1000 668 Cordis
1026 635 1135 666 mixtis
1161 632 1351 672 singultibus

202 691 390 724 Adhaerens
418 691 516 721 multo
542 687 653 718 iustius
885 683 946 715 Dei
972 683 1034 714 sibi
1059 682 1232 722 propitiam

202 740 345 778 Maurus,
371 737 493 769 Christi
519 735 705 774 discipulus,
884 731 1065 764 Exhibebat
1094 728 1319 770 praesentiam.

145 828 175 859 3.
203 826 372 857 Contracto
398 823 480 862 pede
505 821 623 852 saeculi
830 819 860 851 7.
888 817 985 849 Brevi
1009 815 1113 848 factus
1141 815 1264 847 deicola

203 873 319 912 Legem
345 871 485 902 servavit
512 868 649 907 Domini,
889 866 993 897 Multa
1019 865 1180 904 signorum
1206 862 1308 902 gloria

204 921 346 952 Terrena
371 928 429 958 pro
456 916 645 948 caelestibus
887 913 1014 945 Effulsit
1041 915 1133 952 pater
1159 910 1314 950 providus

205 969 308 999 Lucra
332 970 457 997 mutans
483 963 693 996 mercedibus.
887 961 1020 993 Gallicis
1047 959 1241 1000 regionibus.

142 1055 172 1086 4.
199 1053 348 1092 Quamvis
375 1051 476 1091 gradu
501 1049 670 1089 posterior,
827 1048 858 1081 8.
886 1047 951 1080 Ubi
977 1055 1072 1078 carne
1099 1045 1244 1084 deposita

202 1101 299 1132 Nullo
325 1098 427 1130 factus
453 1097 597 1135 inferior,
886 1096 948 1126 Per
972 1097 1100 1135 patrata
1125 1093 1280 1124 miracula

202 1149 299 1180 Pater
325 1147 379 1178 dat
404 1145 617 1176 testimonium
886 1143 1004 1174 Notum
1030 1141 1149 1173 factum
1176 1144 1224 1171 cst
1249 1139 1386 1179 saeculo,

202 1196 279 1227 Eius
306 1195 433 1234 signans
459 1192 667 1232 propositum.
885 1190 975 1230 Quod
1002 1198 1085 1220 nunc
1110 1189 1198 1220 vivat
1224 1189 1256 1220 in
1284 1188 1431 1219 Domino.

510 1282 542 1309 9.
572 1277 746 1316 Condignis
773 1276 861 1307 cuius
887 1275 1036 1315 precibus

570 1325 687 1356 Trinus
713 1327 743 1354 et
769 1333 849 1354 unus
875 1323 1029 1355 Dominus

574 1372 633 1403 Det
662 1371 751 1402 nobis
778 1380 876 1411 regna
902 1371 1031 1411 caelica,

571 1420 628 1451 Cui
653 1420 752 1450 virtus
779 1423 809 1449 et
836 1419 948 1458 gloria.

222 1507 303 1533 offic.
339 1516 390 1532 ins.
420 1506 448 1531 S.
478 1505 571 1531 Mauri
599 1514 674 1531 saeta
707 1504 750 1532 12.
778 1514 823 1532 cx.
851 1504 919 1532 Cod.
949 1504 1159 1539 Petroburgen.
1188 1504 1293 1531 memb.
1322 1504 1371 1531 lat.
1400 1504 1422 1531 F
1447 1504 1461 1531 Ι

145 1544 190 1573 27.
235 1546 349 1572 Dareus
371 1553 429 1570 von
450 1544 555 1570 Gillert
577 1544 595 1569 l.
617 1552 640 1569 c.
662 1542 725 1571 606.

585 1683 653 1713 422.
696 1685 737 1714 De
758 1687 863 1715 sancto
886 1684 1002 1714 Maur-0.

691 1744 739 1770 Ad
762 1744 919 1771 Laude&

151 1824 180 1856 1.
208 1821 334 1853 Laudet
360 1821 473 1851 chorus
499 1819 641 1851 fidelium
836 1824 867 1853 4.
896 1823 984 1852 Ausu
1010 1822 1098 1853 cuius
1124 1823 1331 1862 praecognito

211 1870 329 1909 Regem
356 1873 515 1900 auctorem
542 1869 689 1909 omnium,
897 1870 1008 1901 Crucis
1035 1870 1173 1901 munitus
1201 1871 1304 1910 clipeo

214 1917 346 1949 Perenni
375 1917 462 1947 cuius
489 1917 591 1956 gratia
898 1917 1023 1949 Pestem
1048 1918 1188 1958 iniquam
1215 1920 1367 1959 reppulit,

210 1965 285 1996 Reis
313 1963 476 1995 confertur
501 1964 602 1996 venia.
897 1964 984 2003 Quae
1009 1966 1123 1997 mirum
1150 1976 1260 1998 sonum
1286 1968 1406 2001 intulit.

153 2053 184 2084 2.
213 2053 275 2084 Per
292 2059 384 2090 quem
398 2050 531 2082 Maurus
545 2050 774 2083 sanctissimus,
836 2053 868 2083 5.
895 2051 958 2082 Pro
985 2051 1030 2082 rei
1058 2052 1250 2084 certitudine

211 2100 247 2130 In
273 2108 329 2137 spe
355 2098 485 2130 caelesti
510 2097 644 2137 positus,
899 2098 1015 2129 Sancto
1037 2098 1126 2130 flenti
1151 2100 1282 2139 pissime

213 2147 324 2178 Fictae
349 2145 474 2177 fraudis
500 2145 636 2176 ridicula
900 2146 976 2177 Mox
1003 2147 1133 2187 angelus
1160 2150 1312 2188 apparuit

215 2194 448 2234 Praecognovit
473 2193 685 2233 phantastica.
899 2195 948 2225 Ac
974 2199 1108 2226 ventura
1132 2204 1195 2228 non
1221 2197 1321 2231 siluit.

214 2280 295 2312 Nam
322 2280 454 2312 daemon
480 2283 549 2311 arte
576 2279 713 2319 pessima
840 2282 872 2314 6.
898 2280 978 2312 Esto
1004 2285 1119 2322 certus,
1148 2284 1323 2326 carissime,

217 2329 392 2360 Intrantem
418 2328 530 2368 templi
555 2327 667 2358 limina
900 2329 949 2360 De
974 2330 1036 2361 tuis
1062 2331 1184 2363 nullum
1210 2333 1360 2374 perdere,

213 2376 364 2408 Sanctum
390 2377 492 2407 virum
517 2375 700 2414 exterritat,
901 2377 976 2418 Sed,
1004 2387 1074 2410 cum
1099 2389 1225 2422 gregem
1251 2383 1472 2424 praemiseris,

214 2424 297 2456 Dum
322 2429 441 2456 mortes
466 2423 574 2464 gregis
601 2423 733 2456 indicat.
900 2425 930 2457 A
956 2426 1083 2460 Christo
1108 2429 1323 2464 coronaberis.
