1653 2656
657 147 702 152 —
755 128 822 164 159
873 149 915 154 —

125 222 158 256 3.
185 222 304 255 Matris
330 233 448 264 parens
474 225 610 265 imperio
847 228 878 260 8.
907 226 1079 258 Collaudat
1105 230 1214 258 coetus
1241 226 1399 266 virginum

184 270 319 304 Sacrum
346 273 491 305 velamen
519 274 650 314 accipit,
907 275 943 306 In
971 275 1104 315 virginis
1128 275 1309 313 sollemnio,

182 319 324 352 Ardenti
357 321 523 354 desiderio
906 322 979 354 Tibi
1007 329 1143 363 paratur
1169 323 1320 364 gaudium

186 367 351 401 Christum
384 379 443 410 pro
469 379 588 410 sponso
614 371 760 411 suscipit.
907 371 1066 411 Virginali
1092 371 1264 404 consortio.

123 456 156 487 4.
183 455 387 488 Conservans
414 457 483 488 sine
509 457 636 489 macula
849 459 881 491 9.
909 457 1012 490 Orans
1039 467 1190 497 sponsum
1221 457 1362 489 fideliter

186 504 392 544 virginitatis
418 505 522 536 lilium
910 504 1043 537 Interno
1070 507 1185 537 mentis
1212 507 1338 546 gaudio.

185 550 317 584 Perfert
342 553 462 584 amoris
489 554 593 586 iacula
910 554 1004 586 Nunc
1030 559 1142 595 regnat
1168 555 1377 586 aeternaliter

183 600 288 632 Missa
314 610 373 640 per
399 601 460 632 Dei
487 601 599 635 filium.
908 602 1086 634 Coniuncta
1112 603 1172 634 Dei
1198 602 1276 636 filio.

126 690 158 721 5.
184 688 264 728 Igne
291 687 424 719 caelesti
450 687 577 720 fervida
827 689 881 722 10.
910 689 985 721 Post
1013 699 1128 730 agnum
1149 699 1303 729 sponsum
1323 690 1455 721 cursitat

186 735 318 768 Sursum
346 736 501 768 tendebat
527 737 656 778 iugiter,
911 737 989 769 Cum
1017 738 1133 769 ceteris
1161 738 1337 777 virginibus

186 784 287 816 Donis
314 785 457 824 septenis
483 786 618 825 gravida
909 786 1117 826 Hymnosque
1144 786 1254 817 dulces
1280 790 1431 825 personat

186 832 343 865 Mundum
372 833 520 865 calcabat
546 832 685 868 fortiter.
910 834 1003 865 Nunc
1029 833 1138 865 fruens
1166 835 1198 865 in
1226 834 1429 866 caelestibus.

129 922 159 953 6.
187 919 277 951 Haec
304 920 455 959 puritatis
482 920 596 961 lilium,
828 921 884 953 11.
912 920 1010 960 Ergo,
1038 919 1160 960 fideles,
1189 920 1308 951 currite

186 968 263 1000 Flos
289 977 427 999 vernans
454 968 641 1008 pudicitiae,
911 968 964 1000 Ad
994 968 1125 1007 virginis
1151 969 1330 1006 sollemnia,

186 1016 323 1048 Pietatis
350 1017 538 1052 sacrarium,
910 1016 1014 1047 Melos
1042 1025 1138 1047 suave
1166 1016 1302 1055 promite

186 1065 343 1096 Tutamen
371 1067 442 1096 erat
468 1065 604 1104 patriae,
910 1063 1068 1103 Regnanti
1096 1073 1193 1103 super
1219 1064 1334 1096 omnia.

129 1151 159 1184 7.
186 1150 270 1182 Hinc
297 1150 440 1182 revelata
466 1149 550 1182 facie
827 1150 885 1181 12.
913 1149 1014 1180 Trino
1040 1148 1108 1180 Deo
1136 1153 1166 1179 et
1192 1149 1332 1189 simplici

185 1198 344 1238 Sponsum
372 1198 473 1230 cernit
501 1199 533 1230 in
560 1197 664 1238 gloria
910 1197 1006 1235 Laus,
1036 1197 1146 1234 honor,
1175 1197 1286 1236 virtus⁷
1316 1197 1428 1237 gloria.

183 1247 232 1279 Ac
258 1247 290 1279 in
317 1251 502 1279 sauctorum
528 1247 597 1278 acie
907 1246 967 1284 Qui
994 1254 1051 1277 nos
1079 1245 1162 1276 dono
1189 1246 1393 1285 septemplici

185 1295 280 1327 Veste
308 1296 439 1328 dotatur
465 1295 564 1335 regia.
906 1293 998 1326 Ditet
1023 1293 1055 1325 in
1082 1294 1164 1324 caeli
1191 1294 1290 1326 curia.

202 1381 338 1408 Officium
368 1381 476 1416 triplex
507 1381 673 1415 (ici-trudis,
700 1381 787 1407 divae
808 1381 943 1415 virginis,
968 1382 1037 1415 imp.
1060 1380 1203 1407 Coloniae
1228 1378 1310 1407 1513.
1333 1395 1370 1398 —
1392 1380 1417 1406 2.
1443 1378 1454 1406 l

124 1421 179 1448 Hic
204 1421 300 1447 annis.
323 1435 360 1440 —
381 1419 408 1453 4,
431 1418 448 1447 3
472 1421 596 1446 Profert.
619 1434 653 1438 —
676 1418 702 1451 9,
725 1417 742 1446 2
765 1420 887 1446 luterni.
914 1435 946 1438 —
973 1417 1015 1451 12,
1037 1416 1055 1446 3
1077 1422 1160 1452 Quae
1183 1428 1246 1446 nos.

506 1543 573 1574 268.
615 1542 655 1573 De
678 1550 702 1573 s.
727 1541 866 1574 Ger-ardo
888 1541 1064 1573 Potentino.

629 1603 680 1630 Ad
706 1604 946 1630 Nocturnum.

122 1686 152 1716 1.
182 1684 340 1717 Concinat
366 1683 459 1723 plebs
486 1683 630 1715 fidelium
819 1685 852 1718 4.
880 1683 923 1715 Et
950 1683 1085 1714 candela
1113 1683 1187 1714 dum
1215 1682 1347 1714 arderet

179 1733 289 1766 Sancti
317 1732 458 1765 Gerardi
484 1732 647 1774 gaudium,
881 1731 986 1772 Super
1011 1731 1099 1763 cadit
1125 1731 1297 1769 tobaleam,

179 1782 239 1821 Qui
266 1786 360 1822 pater
386 1785 435 1812 est
461 1781 641 1813 concivium
883 1781 954 1812 Non
983 1785 1031 1811 est
1058 1781 1145 1812 laesa
1171 1789 1230 1811 nec
1257 1779 1421 1811 combusta

182 1830 425 1862 Potcntinorum
452 1830 606 1862 omnium.
881 1830 945 1862 Sed
973 1830 1150 1869 permansit
1177 1829 1312 1868 integra.

121 1920 153 1951 2.
181 1918 278 1950 Cuius
304 1918 444 1951 lustrata
469 1926 606 1958 corpore
820 1920 853 1953 5.
881 1917 967 1949 Mira
993 1922 1078 1956 sunt,
1106 1926 1188 1957 quae
1214 1915 1401 1948 referuntur

178 1967 335 1999 Laetatur
360 1976 424 1999 non
449 1967 636 2009 incongrue,
880 1966 1109 2001 Praeterilla.
1138 1974 1219 2005 quae
1246 1964 1441 2005 scribuntur,

181 2016 217 2048 In
245 2018 429 2048 sanctorum
456 2015 582 2047 laetitia
879 2016 967 2055 Quae
994 2019 1025 2046 et
1052 2020 1172 2054 quanta
1198 2014 1380 2053 largiuntur

175 2064 258 2105 Quia
282 2064 402 2106 gaudet
433 2065 466 2096 in
493 2064 611 2104 patria.
879 2062 1021 2096 Infirmis
1048 2061 1215 2095 beneficia.

121 2153 152 2186 3.
179 2151 342 2192 Receptor
369 2149 430 2182 fuit
456 2159 646 2191 pauperum,
818 2151 851 2184 6.
879 2147 1084 2183 Confessoris
1110 2148 1203 2179 liuius
1231 2148 1345 2179 merito

180 2200 270 2233 Sicut
296 2203 384 2240 patet
411 2200 444 2231 in
471 2199 593 2239 tabula,
879 2198 965 2229 Laus
991 2197 1076 2237 patri
1103 2197 1145 2228 sit
1170 2196 1323 2237 ingenito,

180 2249 226 2282 Ut
251 2257 351 2289 usque
377 2257 462 2280 nunc
487 2251 688 2289 permaneat,
880 2245 993 2278 Gloria
1019 2245 1193 2286 unigenito,

179 2297 304 2331 Cuncta
330 2297 449 2329 clamat
475 2296 634 2329 Potentia.
882 2294 991 2326 Virtus
1017 2303 1142 2326 summa
1168 2293 1338 2334 paraclito.

199 2384 271 2411 Cod.
299 2383 387 2410 Arcln.
416 2382 512 2408 Vatic.
541 2381 577 2415 X,
599 2379 646 2408 89.
669 2395 706 2400 —-
728 2379 755 2409 2.
778 2380 796 2405 3
824 2381 885 2407 Iam
915 2383 1084 2406 sanctorum
1114 2382 1158 2406 est
1187 2379 1312 2406 laetitia.
1334 2395 1369 2398 —
1391 2378 1417 2408 4,
1441 2378 1458 2406 2

122 2423 202 2451 eadit
221 2422 385 2450 zobaleam.
409 2435 443 2440 —-
467 2419 492 2452 5,
515 2418 533 2448 3
557 2421 766 2456 relargiuntur.
787 2434 825 2437 —
843 2418 869 2451 6,
896 2417 908 2445 l
933 2419 1008 2445 Eine
1031 2419 1112 2446 Silue
1136 2427 1171 2444 zu
1194 2418 1268 2447 vie12
1298 2419 1455 2446 veriindert

123 2471 177 2490 aus
200 2462 344 2497 Martyris
369 2461 456 2487 huius
478 2461 604 2486 mei-itu?
