1653 2656
707 153 966 189 -256—

598 327 666 358 428.
708 326 752 356 Da
772 325 882 355 sancta
902 320 1064 352 Michaole.

177 437 208 468 1,
234 430 511 470 Areliangeiorum
537 427 674 467 principi
862 425 894 455 4.
922 421 959 453 In
986 419 1177 452 necessitate
1201 417 1314 450 ultima

235 479 350 512 Devoti
376 481 537 509 cantemus
564 475 700 514 laudem,
925 470 986 502 Per
1011 477 1101 500 suam
1128 464 1379 498 misericordiam

236 529 281 561 Ut
307 527 348 557 sit
373 525 466 557 nobis
492 523 650 563 propitius
925 517 1098 549 Succurrat
1121 514 1214 546 nobis
1241 512 1375 552 miseris,

236 576 411 608 Exoremus
438 572 499 612 piis
525 570 684 611 precibus.
924 564 974 597 Ne
999 564 1152 596 ducamur
1176 562 1209 594 in
1236 560 1388 593 tenebris.

179 684 208 715 2.
238 681 315 713 Cum
342 679 421 711 caeli
446 676 648 715 exercitibus,
865 673 896 705 5.
923 671 972 702 Ne
997 669 1096 701 hostis
1123 677 1180 700 nos
1207 667 1358 706 decipiat,

238 730 376 767 Quorum
404 726 468 758 dux
494 730 542 756 est
568 723 722 764 egregius,
923 718 991 750 Nos
1018 721 1165 759 potenter
1191 715 1318 755 eripiat,

239 776 411 808 Succurrat
436 773 527 805 nobis
553 772 585 803 in
611 770 757 802 omnibus
927 766 975 798 Ne
1002 765 1152 797 cadamus
1178 764 1210 795 in
1237 767 1393 794 tartarum

240 823 366 855 Nostris
392 819 644 853 necessitatibus.
925 815 1003 846 Post
1039 813 1176 846 solutum
1202 810 1314 842 mortis
1341 809 1493 840 debitum.

180 932 211 962 3.
239 928 394 960 Absolvat
423 927 486 957 suis
512 924 661 964 precibus
866 922 898 953 6.
926 920 1078 951 Adventu
1103 926 1160 948 suo
1187 915 1364 947 clarissimo

237 976 304 1008 Nos
331 984 349 1006 a
374 974 515 1014 peccatis
540 971 696 1009 omnibus,
925 968 968 999 Et
995 966 1102 1006 fugato
1130 964 1258 996 diabolo

238 1024 280 1056 Ut
307 1023 470 1054 videamus
495 1020 665 1052 Dominum
928 1016 1114 1047 praesentet
1139 1016 1266 1043 nostras
1292 1010 1413 1042 animas

243 1072 302 1102 Per
328 1069 519 1102 Michaelem
545 1066 780 1106 archangelum.
926 1061 1135 1102 Redemptori
1161 1059 1364 1091 laetissimas.

550 1173 579 1205 7.
607 1171 676 1202 Hoc
703 1172 844 1209 praestet
870 1167 954 1199 filius
980 1167 1123 1206 virginis,

607 1219 666 1257 Qui
693 1218 782 1248 sedet
809 1217 841 1247 in
869 1216 982 1247 throno
1009 1214 1122 1254 patris.

610 1267 671 1297 Per
696 1266 843 1304 spiritum
869 1263 1061 1303 paraclitum

609 1314 668 1352 Qui
696 1313 776 1352 regit
802 1320 893 1343 omne
919 1308 1091 1343 saeculum.

264 1422 348 1447 Brev⁸
378 1429 428 1446 nis.
458 1419 604 1445 Romarici
632 1417 742 1443 Montis
769 1424 844 1442 saec.
874 1414 915 1441 16.
936 1414 939 1448 Ι
959 1414 1028 1440 sod.
1052 1413 1214 1448 Npinalien.
1245 1410 1299 1438 164
1323 1409 1389 1445 (77).
1412 1411 1444 1437 Α.
1468 1425 1504 1429 -—

187 1461 328 1494 Hymnar.
355 1467 405 1484 ins.
428 1457 574 1484 Romal-ici
597 1457 713 1482 Montis.
739 1463 813 1481 saec.
837 1452 879 1480 15.
903 1453 972 1480 eod.
995 1452 1156 1487 Spinalien.
1183 1450 1236 1477 194
1255 1449 1359 1481 (86.st
1380 1463 1419 1468 —-
1439 1447 1465 1479 2,
1490 1447 1503 1475 1

189 1499 320 1524 exercitu
346 1496 403 1522 AB.
425 1510 460 1514 —
483 1495 508 1523 5,
530 1493 547 1521 2
569 1495 607 1521 Et
628 1503 680 1520 nus
703 1497 835 1528 potenter
856 1493 889 1518 A.
912 1506 939 1510 —
976 1497 996 1523 t,
1017 1490 1034 1517 2'
1056 1490 1166 1517 sedens
1188 1491 1218 1516 in
1240 1489 1345 1516 throno
1366 1489 1399 1514 B.

615 1700 685 1730 429.
728 1700 768 1729 De
790 1702 896 1729 sancto
919 1698 1078 1729 Michaele.

662 1779 710 1805 Ad
740 1779 1035 1805 Processionem.

424 1886 533 1925 Regna
560 1884 626 1924 poli
652 1884 772 1921 ianan
800 1883 948 1923 populus,
974 1883 1091 1914 intrate
1118 1892 1176 1922 per
1202 1884 1302 1915 almas

471 1933 599 1965 Currite
626 1931 838 1969 christicolae,
866 1931 1014 1970 prendite
1041 1940 1138 1971 regna
1164 1931 1242 1970 poli.

424 1981 562 2013 Nuntius
588 1980 639 2011 hic
664 1979 802 2017 Domini,
830 1979 917 2010 cuius
943 1979 1070 2010 intratis
1097 1980 1128 2009 in
1155 1980 1272 2020 aulam,

472 2030 604 2068 Semper
630 2027 717 2058 videt
745 2026 868 2065 faciem,
895 2027 1023 2057 nuntius
1050 2027 1102 2058 hic
1126 2026 1265 2060 Domini.

367 2081 399 2110 5.
426 2077 545 2110 Offerat
571 2077 639 2117 ipse
665 2083 778 2115 preces
803 2078 937 2110 vestras.
966 2075 1019 2114 pia
1045 2079 1118 2106 vota
1144 2076 1276 2114 creanti,

471 2125 609 2156 Tundite
637 2133 692 2154 vos
719 2126 840 2162 pectus,
868 2122 980 2153 offerat
1007 2123 1075 2163 ipse
1102 2132 1225 2162 preces,

425 2173 531 2205 Dicite
556 2181 625 2203 cum
651 2172 801 2212 lacrimis,
831 2170 986 2210 quidquid
1014 2171 1166 2210 culpastis
1192 2172 1225 2203 in
1251 2173 1342 2212 actis,

479 2221 615 2262 „Parce‚
644 2228 800 2259 rogamm,
828 2217 948 2257 Deus‚“
980 2219 1076 2250 dicite
1103 2228 1173 2250 cum
1200 2220 1353 2262 lacrimis,

428 2269 567 2308 Moxque
593 2267 683 2301 vobis
710 2266 829 2298 tribuet
855 2267 980 2298 veniam
1006 2267 1076 2306 pius
1102 2267 1157 2299 ille
1184 2269 1336 2301 remissor

346 2319 398 2351 10,
476 2315 703 2356 plangentibus
729 2315 883 2346 miserens
911 2315 1027 2354 datque
1052 2316 1142 2347 vobis
1170 2317 1306 2350 veniam.

277 2422 396 2466 ⁵Collect.
425 2431 475 2448 ms.
498 2422 817 2461 Laurissanunnsaec.
839 2418 856 2447 9
877 2423 906 2447 et
929 2418 971 2447 10.
993 2421 1063 2447 Cod.
1086 2421 1178 2449 Vatic.
1202 2423 1296 2450 Palat..
1318 2421 1384 2451 8:33.
1406 2438 1443 2443 —
1486 2425 1522 2452 ln

198 2463 322 2489 introitu
344 2461 485 2488 ecclesiae
507 2469 529 2486 s.
551 2459 732 2486 Michaelis*-
1469 2445 1482 2459 ⁸
