1653 2656
766 166 1024 202 —229—

231 250 263 282 3.
290 250 380 284 Dant
405 253 580 288 candentes
606 267 729 292 massas
755 261 835 294 ferri
926 267 958 300 5.
986 266 1078 299 Tunc
1101 267 1203 300 iratus
1227 279 1358 309 praeses
1385 269 1494 303 furens

288 299 352 332 Per
377 302 485 342 spatia
507 303 644 338 laterum
986 314 1084 346 Iussit
1109 317 1303 350 satellitibus

285 349 336 380 Ac
355 354 489 391 perusta
515 361 591 386 caro
617 354 757 397 flagrans
988 362 1090 394 Huius
1118 369 1215 404 caput
1240 366 1427 400 obtruncari

286 396 376 429 Odor
400 402 437 430 ut
461 406 652 436 aromatum.
985 410 1056 442 Non
1084 412 1115 444 in
1143 413 1232 446 urbis
1259 415 1434 449 moenibus

224 492 257 525 4.
284 493 377 525 Stant
402 496 542 529 ministri
568 500 727 533 vulnerati
917 507 949 539 6.
976 506 1039 547 Sic,
1066 508 1159 541 beate
1188 511 1366 552 Marciaue,

284 541 403 574 Massis
430 553 469 576 ex
495 548 662 580 urentibus
977 555 1106 597 Martyr
1131 562 1226 599 atque
1251 560 1409 602 pontifeX‚

282 589 395 630 Neque
421 592 555 626 laedunt
580 596 792 640 Marcianum,
978 604 1085 636 Vitam
1113 606 1235 639 donans
1261 609 1481 649 temporalem,

281 637 386 670 Urere
411 649 504 680 quem
532 644 674 684 cupiunt.
976 652 1029 683 Ad
1056 662 1228 692 perennem
1255 658 1425 690 transiens.

569 740 598 772 7.
626 740 755 774 Summo
782 744 867 782 patri
895 746 1005 778 demus
1031 749 1143 781 laudes

625 789 753 822 Pariter
779 795 810 822 et
836 791 912 831 filio,

623 837 675 868 Ab
701 843 836 879 utroque
862 843 1051 881 procedenti

624 884 749 926 Spiritu
776 889 944 927 paraclito.

291 975 400 1010 Hymn.
433 987 486 1004 ms,
519 979 666 1007 Bobiense
698 991 776 1013 saec.
806 982 850 1012 11.
878 985 948 1011 eod.
977 987 1075 1014 Vatic.
1106 987 1190 1015 5776.
1221 1006 1254 1008 —
1284 992 1343 1019 Cfr.
1368 993 1429 1019 Mai
1461 994 1546 1021 Nova

214 1013 286 1041 bibl.
311 1014 389 1042 Patr.
411 1016 425 1042 I
446 1017 484 1050 ΙΙ,
509 1015 575 1045 203.

647 1151 709 1182 381.
752 1153 793 1183 De
815 1155 923 1184 sancto
944 1155 1112 1187 Marciano.

759 1224 811 1250 Ad
838 1224 990 1252 Laudes.

210 1304 240 1337 1.
269 1305 399 1338 Aurora
426 1307 513 1339 clara
542 1309 664 1351 rutilat,
907 1314 940 1345 3.
968 1315 1143 1347 Precamur
1170 1326 1244 1358 ergo
1271 1319 1393 1351 subditi

267 1353 385 1385 Annua
411 1354 494 1387 festa
521 1362 662 1399 reparat,
967 1363 1064 1395 Lucis
1091 1373 1242 1405 suggeras
1270 1367 1391 1410 lumini,

267 1401 344 1433 Cum
372 1403 559 1436 Marcianus
585 1406 732 1446 pontifex
966 1411 1008 1444 Ut
1035 1411 1240 1446 sublevemur
1264 1416 1370 1458 nitidi,

266 1450 383 1482 Aulam
409 1452 556 1492 polorum
583 1455 739 1494 possidet.
964 1460 1032 1498 Quo
1058 1462 1203 1493 meruisti
1231 1465 1407 1500 transvehi.

204 1547 237 1580 2.
265 1547 302 1578 In
327 1547 387 1579 hac
414 1548 466 1580 die
493 1549 639 1583 devotius
902 1557 932 1589 4.
962 1556 1091 1589 Laudes
1116 1560 1202 1598 patri
1229 1561 1386 1594 altissimo

263 1595 358 1627 Felix
384 1595 503 1629 festum
530 1600 710 1641 recolimus,
962 1604 1072 1645 Sitque
1099 1608 1196 1647 parili
1223 1608 1289 1641 filio

262 1644 298 1675 In
326 1653 389 1684 qua
415 1647 577 1679 caelorum
603 1649 726 1681 civibus
957 1654 1008 1685 Ac
1033 1655 1199 1695 utriusque
1225 1656 1357 1700 flamini,

262 1692 328 1741 Est
348 1702 466 1734 perpes
493 1694 597 1728 factus
624 1698 739 1731 sociuS.
957 1702 1124 1735 Ambobus
1152 1714 1278 1746 semper
1305 1708 1413 1742 simili.

278 1789 422 1824 Hymnar.
445 1800 497 1817 ms.
518 1792 667 1820 Bobieuse
690 1803 766 1822 saec.
790 1794 833 1823 11.
850 1797 920 1824 Cod.
937 1797 1033 1825 Vatie.
1053 1797 1137 1827 5776.
1154 1815 1189 1819 —-
1211 1800 1237 1831 3,
1261 1801 1278 1829 4
1294 1804 1380 1836 Quod
1398 1807 1533 1834 meruisti

197 1826 289 1854 faver.
312 1842 348 1846 —
371 1827 397 1861 4,
422 1828 436 1856 1
459 1830 608 1858 altissimi.
631 1847 668 1850 -—
689 1833 746 1860 cfr.
769 1835 840 1867 Mai,
863 1836 949 1863 Nova
972 1837 1045 1866 bibl.
1067 1840 1154 1866 Pater
1177 1840 1190 1866 Ι
1212 1841 1250 1873 II⁷
1274 1840 1339 1868 204,

613 2003 681 2035 382.
723 2006 765 2036 Do
787 2008 899 2038 sancta
920 2007 1114 2048 Margareta.

193 2092 224 2127 1.
253 2092 428 2126 Theodosii
453 2093 520 2127 filia
892 2101 923 2132 3.
953 2100 1105 2141 Olybrius
1133 2103 1201 2134 vult
1228 2105 1339 2145 recipi,

253 2141 384 2182 Sprevit
411 2144 671 2184 contemptibilia
952 2149 1042 2181 Haec
1066 2156 1162 2190 negat
1188 2161 1305 2184 cavens
1334 2154 1451 2196 decipi,

251 2189 296 2221 Et
321 2200 418 2231 passa
444 2192 635 2225 transitoria
950 2198 1004 2229 Ad
1033 2197 1194 2231 Christum
1223 2210 1316 2234 cursu
1343 2204 1441 2236 celeri

250 2237 310 2270 Est
335 2249 396 2279 pro
422 2241 558 2281 perenni
584 2242 697 2282 gloria.
952 2245 1092 2278 Currens
1119 2254 1280 2291 repugnat
1306 2252 1433 2286 sceleri.

191 2337 223 2368 2.
251 2335 342 2368 Haec
368 2337 557 2378 Margareta
582 2339 720 2379 nomine,
892 2344 925 2377 4.
950 2343 1004 2374 Ad
1030 2343 1124 2376 finem
1152 2345 1192 2376 ab
1219 2347 1311 2379 initio

250 2383 370 2417 Divino
395 2385 540 2426 gaudens
566 2387 682 2429 omine,
950 2391 1012 2423 Est
1037 2397 1187 2426 constans
1214 2395 1247 2427 iu
1274 2397 1446 2439 supplicio,

248 2432 446 2466 Deserviens
472 2434 653 2467 munditiae
950 2440 1103 2480 Migravit
1131 2442 1171 2475 ab
1199 2444 1312 2477 exsilio

248 2481 400 2514 Amatrix
426 2483 617 2524 pudicitiae.
951 2488 1127 2523 Coniuncta
1152 2491 1212 2524 Dei
1239 2492 1316 2528 filio.
