1653 2656
718 145 975 180 -184—

189 251 221 282 5.
249 248 364 280 Omnes
391 246 472 278 enim
499 253 669 285 precamur
693 248 736 283 te,
875 243 906 275 6.
934 240 1047 273 Gloria
1073 239 1144 278 tibi,
1170 238 1318 280 Domine,

247 295 347 326 Nobis
373 295 418 326 sis
445 294 593 331 clemens,
620 292 748 329 Indoce‚
935 288 1057 330 Gloria,
1085 287 1260 328 unigenite,

247 343 290 375 Ut
316 346 348 374 te
374 342 514 373 colentes
541 340 656 372 devote
933 336 1006 369 Una
1032 345 1103 368 cum
1128 338 1240 367 sancto
1263 334 1384 374 spiritu

246 391 364 422 Tecum
390 390 533 421 vivamus
558 388 698 420 aethere.
932 385 968 416 In
994 384 1192 424 sempiterna
1217 382 1356 415 saecula.

262 482 343 507 Orat.
369 489 421 506 ωε.
453 478 615 513 Campense
641 478 709 505 anni
741 474 822 503 1462.
849 475 920 503 eod.
948 473 1166 502 Darmstadien.
1194 470 1258 501 521.
1289 487 1326 492 —
1353 471 1384 505 6,
1414 470 1432 498 3
1460 481 1502 508 sq.

184 518 295 545 fehlen:
318 519 437 554 ergiinzt
459 516 532 544 nach
556 517 639 544 Anal.
662 516 710 547 IV,
733 515 782 541 Nr.
807 512 870 542 184.

537 656 600 687 317.
641 656 682 687 De
703 656 810 686 sancto
833 654 971 685 Iohanne
993 651 1146 692 Baptista.

649 725 702 752 Ad
729 724 1035 759 Completorium.

518 815 546 845 1.
574 813 720 852 Baptista
746 811 867 844 Christi
894 811 1014 844 inclite,

573 861 632 900 Qui
659 860 820 892 Christum
847 859 958 898 prodis
983 857 1101 895 indice,

575 908 640 939 Nos
666 907 848 939 miserando
874 906 999 946 respice

574 956 755 995 Culpasque
781 959 907 986 nostras
933 953 1038 986 ablue.

262 1048 346 1074 Brev.
370 1055 419 1072 ms.
438 1047 624 1073 Bisuntinum
647 1054 721 1071 saec.
746 1044 788 1071 14.
804 1043 874 1071 Cod.
890 1043 1027 1070 Vesolen.
1050 1039 1092 1068 18.
1109 1042 1144 1068 Α.
1166 1056 1193 1059 -
1213 1042 1297 1068 Brev.
1315 1042 1501 1067 Bisuntinum

188 1087 256 1120 imp.
280 1083 361 1112 1531.
384 1086 415 1111 B.
437 1098 474 1102 —
495 1084 607 1111 Doxol:
630 1084 693 1110 Deo
717 1083 792 1118 patri
815 1083 853 1108 sit
873 1082 976 1116 gloria.
998 1083 1052 1107 etc.

518 1223 578 1255 318.
620 1224 653 1254 Iu
675 1223 696 1253 N
700 1221 847 1253 ativitate
870 1229 894 1252 s.
916 1219 1063 1252 Iohannis
1084 1220 1174 1260 Bapt.

704 1291 754 1318 Ad
779 1288 976 1326 Vesgperas.

456 1382 485 1413 1.
514 1379 661 1412 Gaudeat
687 1378 766 1409 caeli
792 1377 1006 1417 triumphator
1032 1380 1152 1415 coetus,

511 1427 606 1460 Orbis
633 1426 769 1457 exsultet
795 1425 968 1465 laudesque
996 1424 1176 1464 depromat,

511 1475 657 1514 Namque
684 1473 874 1514 praelustris
900 1476 993 1504 natus
1019 1476 1065 1503 est
1093 1472 1260 1509 Iohannes,

654 1523 749 1553 Vates
776 1525 807 1552 et
833 1519 949 1552 infans.

454 1611 485 1641 2.
513 1608 665 1640 Concinat
692 1607 790 1638 melos
815 1607 999 1646 angelorum
1025 1605 1139 1636 chorus

514 1656 663 1688 Ceterum
690 1664 798 1686 omnes
825 1654 998 1694 caelicique
1025 1654 1121 1685 cives.

512 1704 612 1735 Vultu
639 1703 774 1742 benigno
799 1702 999 1742 gratulentur
1023 1701 1092 1741 tibi,

656 1750 739 1782 Nate
765 1749 912 1783 formose.

455 1838 485 1869 3.
514 1836 644 1868 Iamiam
671 1836 787 1868 natalis
814 1835 949 1866 celebris
975 1835 1091 1874 illuxit,

513 1884 590 1916 Dies
616 1888 744 1923 optatus
771 1883 880 1914 militis
905 1882 1049 1924 insignis,

514 1932 611 1964 Cuius
637 1933 669 1962 in
693 1935 765 1963 ortu
790 1931 1004 1962 iucundautur
1029 1930 1116 1962 orbis

656 1979 743 2011 Almi
769 1983 912 2019 penates.

454 2069 487 2100 4.
514 2067 607 2098 Felix
633 2076 651 2098 ο
676 2075 766 2107 puer,
793 2066 972 2097 ablactatus
997 2066 1148 2104 nondum,

514 2116 581 2147 Iam
607 2115 661 2154 qui
687 2114 808 2154 collega
833 2123 983 2153 superum
1010 2113 1139 2145 effectus

515 2163 622 2196 Hodie
647 2171 756 2194 sacras
781 2162 870 2202 vagis
894 2162 979 2193 inter
1004 2162 1095 2194 ulnas

656 2211 772 2243 Matris
796 2209 925 2242 excelsi.

457 2301 487 2330 5.
516 2297 541 2330 Ο
567 2297 681 2328 mirum
706 2297 816 2337 ingens
843 2304 1057 2335 arcanumque
1082 2305 1195 2329 munus

516 2345 655 2377 Caelitus
681 2344 819 2385 lapsum,
845 2348 924 2376 nutu
948 2353 1084 2384 namque
1109 2345 1182 2377 divo

515 2393 649 2426 Reserat
674 2401 781 2433 regem
807 2392 944 2424 celebris
969 2393 1001 2424 in
1027 2393 1099 2424 alvo

660 2441 756 2474 Miles
781 2440 958 2473 accubans!
