1653 2656
756 160 922 196 —235
975 181 1016 186 —

615 268 677 301 391.
720 271 761 302 De
784 280 806 302 s.
830 272 930 305 Maria
953 274 1151 315 Magdalena.

465 358 496 389 1.
523 356 606 398 Spes
634 359 834 400 famulorum,
863 363 1002 403 Christe,
1030 370 1168 403 tuorum,

525 406 646 439 Summi
673 411 818 449 parentis
844 412 938 444 unica
963 414 1082 453 proleS‚

523 455 640 488 Annue
665 458 759 500 votis,
790 461 918 500 suscipe
945 461 1068 502 laudes,

521 504 607 543 Quas
632 505 665 536 in
692 506 752 538 hac
780 508 835 539 die
863 508 946 541 festa
973 510 1099 542 Mariae

521 551 618 584 Plebs
644 555 818 587 recolendo
845 555 909 588 fert
935 557 992 589 tibi
1019 568 1162 592 concors

461 648 492 679 2.
519 647 610 679 Haec
636 649 830 689 Magdalene
857 653 918 684 rite
946 658 1089 697 vocatur,

518 695 602 727 Dum
629 699 817 731 monitorem
843 704 938 741 atque
965 703 1139 740 doctorem,

517 743 663 776 Luminis
689 745 821 786 fontem,
850 750 927 781 vitia
954 751 1112 792 linquens,

517 791 663 824 Gratiam
690 804 857 836 quaerens,
885 798 1021 837 pedibus
1048 800 1195 839 haerens,

520 839 680 881 Dogmata
708 843 818 876 bibens
844 848 876 877 te
902 848 1097 887 speculatur.

455 937 487 968 3.
514 937 601 968 Ante
627 943 772 977 pei-cata,
798 945 872 979 post
899 942 1071 976 theorema.

516 985 606 1017 Haec
632 987 859 1026 amplectendo
885 990 991 1028 prima
1019 991 1149 1029 dilecta,

515 1033 593 1064 Post
620 1033 787 1073 diligendo
815 1040 863 1067 est
889 1039 1030 1077 expiata,

514 1080 598 1112 Nam
626 1085 680 1113 tua
708 1083 791 1114 dona
817 1086 931 1116 merita
959 1091 1067 1118 nostra

512 1128 681 1169 Nunquam
708 1133 919 1175 praecedunt,
946 1135 1003 1165 sed
1031 1137 1233 1170 comitantur.

450 1226 480 1256 4.
510 1225 624 1266 Quare,
653 1235 822 1267 resurgens
849 1233 883 1260 tu
907 1230 1009 1270 primo
1035 1232 1093 1262 tali

511 1274 716 1314 Apparuisti,
746 1281 779 1307 ut
807 1277 1002 1320 declarares‚

508 1322 590 1361 Quia
618 1333 680 1355 non
706 1323 800 1356 iustis
826 1327 883 1357 sed
910 1328 1074 1359 suscitatis

508 1369 550 1401 Et
577 1372 760 1404 emundatis
787 1383 920 1407 munera
946 1380 1020 1407 tuae

509 1418 700 1451 Serenitatis
728 1422 866 1454 maxime
892 1424 1040 1463 praebes,

446 1517 477 1547 5.
506 1515 666 1556 Rogemus
694 1526 769 1557 ergo
798 1528 855 1550 nos
882 1525 1079 1559 peccatores,

507 1563 560 1603 Ut,
586 1565 638 1604 qui
665 1568 808 1606 peccatis
836 1572 1006 1608 purgatam
1031 1574 1173 1602 sanctam

507 1611 638 1644 Civibus
664 1614 728 1645 tuis
755 1616 934 1658 associasti,

506 1660 659 1692 Precibus
686 1662 753 1694 eius
780 1673 836 1695 nos
863 1674 988 1705 quoque
1015 1667 1124 1698 naevis

504 1708 594 1740 Lotis
621 1710 677 1741 des
705 1710 828 1743 fontem
855 1714 959 1745 visere
987 1724 1112 1754 purum,

442 1805 475 1837 6.
505 1801 617 1838 Gloria
644 1809 741 1847 patri,
769 1809 901 1841 inclitae
927 1811 1022 1850 proli,

501 1854 678 1887 Amborum
706 1867 831 1898 quoque
855 1861 1019 1900 pneumati
1046 1866 1171 1904 sancto,

503 1903 563 1942 Qui
589 1905 693 1936 trinus
720 1915 800 1938 unus
828 1908 907 1939 vivit
934 1912 965 1939 et
992 1914 1115 1950 regnat,

501 1951 638 1992 Sapiens
666 1954 764 1995 idern,
791 1960 906 1995 potens
934 1962 964 1988 et
992 1957 1092 1990 bonus

499 2001 563 2032 Per
588 2002 716 2034 infinita
743 2005 873 2036 saecula
899 2005 996 2039 Deus.

266 2095 352 2122 Brev.
374 2105 428 2123 ms,
451 2099 631 2125 Secoviense
653 2108 730 2126 saec.
754 2098 828 2127 Ulia.
851 2101 921 2128 Cod.
943 2103 1086 2130 (irat-cen.
1109 2102 1173 2131 770.
1196 2119 1231 2122 —
1252 2103 1279 2137 4,
1305 2105 1316 2131 1
1342 2108 1405 2140 Qua
1430 2117 1527 2135 resur-

183 2142 267 2170 gens.
290 2149 327 2152 —
348 2133 375 2169 6,
398 2133 416 2162 3
438 2136 496 2170 Qui
518 2140 587 2164 tres.

554 2262 557 2263 γ
580 2240 647 2272 392.
690 2242 733 2273 De
755 2251 779 2273 s.
801 2242 902 2273 Maria
924 2243 1122 2283 magdalena.

183 2329 214 2361 1.
241 2328 340 2370 Deus,
369 2330 424 2373 qui
451 2331 582 2371 quosvis
610 2333 712 2373 eligis,
880 2335 913 2366 2.
942 2335 966 2367 O
994 2338 1209 2375 peccatricem
1237 2339 1388 2379 nobilem,

243 2377 303 2416 Qui
331 2378 472 2410 clemens
498 2379 607 2420 lapsos
634 2382 744 2424 erigis,
942 2383 1011 2416 Deo
1037 2387 1334 2427 concupiscibilem,

241 2426 286 2460 Ut
312 2427 528 2468 peccatricem
555 2429 694 2461 Mariam
937 2432 963 2464 O
990 2442 1077 2465 ream
1104 2434 1352 2469 famosissimam

240 2473 337 2508 Salva
362 2485 422 2508 nos
449 2476 558 2509 dando
584 2478 720 2512 veniam.
937 2480 1000 2514 Sed
1029 2482 1158 2516 Christo
1185 2485 1440 2521 dilectissimam.
