1653 2656
677 116 942 152 —163—

145 213 180 248 3.
207 213 268 254 Qui
294 217 326 245 te
351 223 522 257 quaerens,
549 218 581 246 te
608 214 757 255 diligens,
843 214 876 247 4.
903 213 966 245 Per
991 213 1058 244 eius
1085 220 1221 252 namque
1246 212 1394 243 meritum

207 261 254 294 Te
280 264 348 294 toto
376 263 474 295 corde
501 263 624 300 sitiens,
904 261 1025 300 Adepti
1052 266 1125 292 sunt
1155 260 1331 292 remedium

207 309 255 342 Te
280 310 440 352 largiente
466 311 614 352 pluribus
904 309 1060 349 Oppressi
1087 309 1176 341 varia
1200 313 1290 348 peste

204 357 330 390 Enituit
359 359 543 393 virtutibus.
904 358 941 390 In
967 358 1074 389 anima
1101 358 1150 389 vel
1177 365 1322 397 corpore.

519 449 550 479 5.
579 446 628 478 Sit
655 455 731 486 ergo
757 445 817 477 tibi
842 445 955 485 gloria,

576 495 662 526 Laus
689 498 721 525 et
747 493 997 533 magnificentia,

575 543 693 582 Decus,
720 541 832 584 honor,
860 541 1030 581 imperium

575 591 668 622 Nune
695 594 725 622 et
753 599 813 630 per
834 598 927 622 omne
954 589 1126 622 saeculum.

226 675 348 703 Collect.
376 684 429 702 ms.
458 676 696 703 Millestadiense
723 684 802 703 saec.
834 673 876 702 12.
900 675 969 702 Cod.
991 675 1132 702 Graeeen.
1162 671 1245 700 1449.
1268 688 1303 691 —
1326 672 1407 699 Nacln
1430 672 1480 697 cler

146 713 218 741 Vita
238 713 407 742 Godehardi
429 714 480 742 des
504 714 698 742 wolfherius.
739 715 784 741 Ob
807 723 865 740 von
887 714 1023 741 diesem?

566 880 633 911 275.
674 880 715 910 De
738 881 846 910 saneto
869 878 1065 910 Godehardo.

691 941 742 967 Ad
771 940 931 968 Laudes.

149 1023 181 1056 1.
209 1023 246 1054 In
274 1021 371 1052 laude
398 1021 482 1060 regis
509 1021 648 1052 omnium
846 1020 877 1051 3.
905 1019 930 1050 O
957 1017 1176 1052 Gotheharde,
1205 1017 1337 1048 caelitus

206 1070 249 1102 Et
276 1069 479 1102 Gothehardi
507 1068 666 1108 praesulis
905 1066 1017 1097 Electe
1045 1065 1104 1096 Dei
1132 1063 1288 1105 pontifex,

209 1119 300 1150 Totis
326 1117 478 1149 medullis
505 1116 651 1148 cordium
906 1113 1042 1145 lutende
1069 1114 1207 1144 clemens
1234 1112 1393 1144 laudibus.

209 1167 343 1198 Insistat
368 1166 448 1197 haec
474 1164 566 1205 plebs
593 1163 720 1196 muniiS.
904 1162 990 1201 Quas
1017 1161 1181 1193 annuatim
1208 1160 1393 1200 promimus

150 1256 182 1288 2.
210 1254 359 1294 Laetare,
386 1258 489 1285 mater
517 1252 647 1291 Altaha‚
847 1251 878 1284 4.
908 1249 1031 1290 Honor,
1059 1252 1213 1289 potestas.
1241 1247 1344 1287 gloria

211 1301 364 1336 Profectu
390 1301 465 1333 talis
491 1300 561 1341 filii,
907 1298 977 1329 Deo
1004 1298 1088 1337 patri
1116 1306 1186 1328 cum
1213 1295 1289 1336 filio,

212 1353 362 1391 Laetare,
390 1350 551 1390 Baioaria‚
911 1346 1072 1379 Paraclito
1099 1345 1139 1376 sit
1166 1344 1330 1384 pneumati

210 1400 308 1432 Tanti
333 1399 462 1440 patroni
489 1398 602 1438 gloria.
910 1395 971 1426 Per
997 1394 1197 1426 saeculorum
1224 1392 1361 1425 saecula.

226 1486 347 1514 Colleot.
377 1494 428 1512 me.
457 1483 694 1512 Millestadiense
721 1491 797 1510 saec.
831 1480 874 1509 12.
903 1481 973 1508 Cod.
1001 1481 1143 1508 Graecen.
1168 1477 1251 1506 1449.
1274 1492 1310 1496 —-
1332 1477 1358 1507 4.
1381 1476 1398 1504 2
1429 1478 1482 1504 Ilei

149 1527 236 1562 patri.
256 1540 294 1544 -
316 1525 383 1561 vgl.
405 1521 491 1551 Anat.
514 1523 582 1554 ΧΠ,
608 1520 662 1549 192
683 1521 742 1549 und
763 1521 877 1552 xxm,
900 1518 965 1547 275.

555 1689 620 1720 276.
663 1688 696 1719 ln
718 1688 801 1719 festo
823 1686 925 1718 sancti
949 1685 1081 1717 Goerici.

680 1750 731 1777 Ad
759 1750 957 1785 Vesperas.

152 1834 182 1867 1.
208 1834 332 1865 Assunt
358 1831 488 1864 Goerici
848 1830 880 1861 4.
909 1828 1049 1866 Quartus
1076 1826 1210 1857 emerito

212 1881 310 1914 Festa
336 1880 489 1919 celebria,
910 1876 1040 1908 Gradus
1066 1880 1263 1909 reservatur,

210 1930 331 1963 Iubilet
356 1928 444 1961 felici
910 1924 1069 1957 Ascendit
1095 1923 1220 1961 merito,

212 1979 354 2012 Mundus
380 1978 516 2010 laetitia.
911 1971 1063 2005 Pontifex
1090 1976 1229 2003 creatur.

151 2068 183 2100 2.
210 2065 368 2099 Goericus
394 2073 494 2106 genus
851 2064 883 2094 5.
912 2060 992 2092 Eius
1017 2058 1153 2090 ecclesia

211 2115 374 2154 Sanctum,
403 2114 502 2153 stirps
529 2111 628 2153 regia,
910 2108 1040 2140 Meritis
1066 2106 1202 2146 insignis

211 2164 391 2198 Sanctitate
417 2163 533 2204 plenus
912 2157 1069 2196 Repletur
1099 2155 1212 2194 gloria,

210 2213 294 2246 Erat
318 2216 351 2244 et
376 2211 491 2252 gratia.
913 2207 1094 2238 Decoratur
1120 2203 1231 2243 signis.

152 2303 183 2335 3.
211 2301 268 2334 Fit
291 2300 402 2340 itaque
429 2298 534 2340 primo
851 2294 882 2326 6.
910 2292 1021 2325 Omnis
1047 2290 1233 2331 ingrediens

212 2348 340 2382 Natalis
366 2347 495 2388 patriae
911 2341 1039 2381 Optatis
1066 2338 1197 2377 fruitur,

211 2399 338 2439 Comes,
366 2397 442 2434 dux,
470 2394 584 2426 ultimo
913 2390 956 2421 Et
984 2390 1085 2421 lucem
1113 2388 1261 2419 nesciens

213 2447 284 2479 Rex
311 2444 518 2486 Aquitaniae.
914 2439 1001 2478 Ignis
1028 2437 1239 2476 extinguitur.

1254 2490 1316 2519 11*
