1653 2656
747 181 795 186 -—
845 165 914 201 267
969 187 1007 191 -

497 254 690 296 Virginitate
715 259 770 299 pia
796 261 1003 305 praefulgens
1030 267 1119 307 virgo
1148 269 1266 307 Maria,

536 304 689 339 Floribus
717 308 765 340 his
792 308 958 353 populum,
985 320 1107 354 sancta,
1136 322 1225 350 tuere
1252 324 1350 355 tuum.

287 373 410 411 Antiph.
436 386 491 414 ins,
520 379 711 416 Argentinen.
739 393 816 412 saec.
849 385 890 414 12.
914 388 984 416 cod.
1007 391 1172 420 Londiuen.
1196 395 1267 422 Add.
1298 394 1406 425 2302‘2.
1444 413 1467 417 -—
1506 399 1540 427 17

208 419 252 446 sq.
282 413 398 448 Attala,
428 412 563 445 Abtissin
591 428 651 447 von
676 421 718 448 St.
741 423 872 459 Stephan
900 427 931 453 in
961 428 1134 466 Stral‘sbnrg
1161 431 1180 465 †
1207 431 1277 464 741:
1306 435 1538 465 Perl1t<iulindis

205 449 411 483 (Berhesindis
433 455 504 483 oder
525 457 731 494 Berswindis)‚
753 462 864 491 Mutter
885 465 937 492 der
959 466 998 493 hl.
1020 468 1134 503 0dilie;
1168 471 1312 502 Alabidis,
1336 471 1423 505 Gesa,
1447 476 1538 504 Gesta

206 489 263 516 mir
283 492 509 521 unauffindbare
532 496 802 533 Heiligennamen?
824 516 861 520 —
884 502 919 530 19
941 513 983 540 sq.
1005 505 1052 533 die
1075 507 1114 533 hl.
1137 510 1268 542 Caritas,
1291 513 1456 541 bellivestor
1480 524 1539 542 von

206 526 293 555 Fides
322 530 380 557 und
403 531 490 567 Spes,
518 538 628 562 erstere
650 537 809 566 besonders
831 549 867 568 zu
889 541 1082 572 Schlettstadt
1103 547 1227 574 verehrt.
1251 564 1287 568 —-
1311 552 1459 579 Abschrift
1486 554 1537 581 des

205 566 341 601 Hymnus
365 578 423 598 von
445 571 517 599 Rev.
542 573 578 600 H.
600 574 640 601 M.
663 576 829 605 Bannister.

486 697 554 728 447.
597 698 630 729 ln
653 700 743 732 Festo
765 702 972 736 Patrouorum
994 709 1087 747 regni
1110 710 1249 742 sueciae.

687 756 739 784 Ad
765 758 872 795 Vesp.
900 764 934 787 et
960 762 1063 790 Noct.

201 814 231 847 1.
259 815 341 854 Lux,
369 827 454 859 ecce,
483 823 586 861 surgit
611 833 720 866 aurea,
893 832 924 862 4.
953 831 1051 863 Ovem
1078 834 1249 867 abductam
1277 847 1401 871 revoca1

258 863 338 897 Dies
365 867 478 900 salutis
504 871 617 911 oritur,
955 879 1052 911 Pater
1079 884 1330 922 misericordiae,

257 912 370 953 Regna
396 916 555 955 plaudunt
581 919 743 962 aetherea,
950 927 1040 959 Inter
1068 930 1170 962 vireta
1197 933 1333 965 collocat,

257 960 339 992 Dum
369 963 484 996 Suecia
510 968 720 1002 convertitur.
949 975 1106 1009 Caelestis
1133 979 1314 1015 alimoniae.

195 1038 226 1071 2.
254 1037 414 1078 Egressus
440 1042 482 1073 ad
510 1043 710 1076 undecimam
890 1053 920 1082 5.
952 1052 1012 1083 Per
1039 1058 1246 1093 patronorum
1274 1060 1402 1099 merita,

253 1086 376 1118 Horam
402 1093 498 1130 pater
524 1089 662 1124 familias
948 1099 1045 1139 Deus,
1075 1107 1201 1135 creator
1227 1107 1376 1144 omnium.

251 1134 350 1166 Ovem
379 1138 470 1175 quasi
496 1139 701 1172 novissimam
948 1147 1081 1180 Dimitte
1108 1151 1198 1182 nobis
1227 1153 1336 1186 debita

251 1181 347 1214 Videt
375 1183 529 1217 Sueorum
556 1186 650 1222 filias,
943 1195 987 1226 Et
1014 1196 1055 1228 da
1081 1207 1221 1237 perenne
1247 1203 1417 1241 gaudium.

188 1259 219 1291 3.
247 1259 351 1291 Mittit
380 1261 543 1295 sollennes
570 1267 708 1308 nuntios,
887 1273 917 1305 6.
946 1273 1031 1305 Laus
1058 1276 1142 1314 patri
1169 1278 1210 1308 sit
1237 1280 1389 1319 ingenito,

246 1306 290 1339 Ut
318 1314 471 1342 revocent
496 1312 693 1355 incredulos,
943 1319 1029 1354 Laus
1055 1328 1131 1356 nato
1158 1335 1227 1357 cum
1254 1329 1424 1367 paraclito,

245 1355 389 1390 Reduxit
416 1360 532 1392 multos
560 1361 670 1395 devios
943 1369 991 1401 Sit
1017 1370 1110 1404 firma
1137 1383 1199 1412 pax
1227 1376 1393 1419 ecclesiae,

245 1403 309 1436 Per
334 1406 425 1438 verbi
451 1408 500 1439 sui
527 1408 661 1445 baiulos,
942 1418 1048 1450 Decus
1075 1423 1220 1460 patronis
1247 1423 1390 1460 Sueciae.

259 1479 346 1508 Brev.
370 1482 538 1518 Upsalense
560 1487 628 1522 imp.
654 1486 734 1516 1433.
779 1491 898 1519 Daraus
921 1494 1091 1531 Klemming
1112 1498 1135 1528 I⁷
1160 1497 1213 1525 1157
1235 1508 1262 1526 u.
1285 1501 1302 1526 s.

463 1617 532 1648 448.
573 1619 608 1649 In
631 1619 713 1652 festo
735 1622 945 1656 Pati-cnorum
967 1628 1060 1666 regni
1083 1630 1222 1662 sueciae.

733 1679 784 1706 Ad
805 1681 963 1709 Laudes.

178 1736 209 1770 1.
238 1737 305 1769 Iam
332 1740 428 1772 adest
455 1741 522 1773 dies
550 1744 697 1788 celebris,
876 1753 906 1784 4.
936 1752 1034 1791 Quam
1064 1756 1197 1794 pretiosi
1225 1763 1397 1800 martyres.

236 1786 280 1818 Et
306 1787 361 1820 lux
387 1791 534 1822 succedit
560 1794 713 1837 tenebris,
934 1801 1033 1840 Quam
1061 1804 1191 1842 gloriosi
1221 1810 1398 1850 praesules,

233 1835 302 1867 Iam
328 1836 410 1869 fides
436 1838 608 1873 idolatriae
931 1850 1032 1890 Quam
1061 1855 1265 1887 venerandae
1294 1858 1421 1897 viduae,

232 1883 278 1916 Et
305 1886 424 1919 veritas
451 1886 611 1924 fallaciae.
932 1897 1106 1932 Consortes
1131 1902 1341 1937 individuae!

171 1962 205 1993 2.
233 1961 390 1996 Sueorum
416 1975 501 1998 nunc
528 1968 676 2006 ecclesia,
874 1977 906 2009 5.
935 1976 1018 2008 Dum
1044 1978 1130 2010 valle
1158 1980 1197 2011 de
1224 1982 1373 2015 miseriae

232 2009 357 2051 Gaude,
384 2013 516 2055 plaude,
547 2017 729 2059 multiplica
933 2025 1099 2058 Scandunt
1125 2029 1166 2059 ad
1194 2030 1343 2063 thronum
1369 2034 1503 2075 gloriae,

230 2058 296 2091 Pro
323 2064 397 2094 tuae
423 2063 505 2096 lucis
531 2066 636 2105 gloria
933 2073 1068 2106 Causam
1093 2082 1260 2115 praestant
1287 2081 1440 2114 tristitiae

229 2108 358 2142 Devota
385 2111 516 2144 laudum
546 2116 684 2151 cantica.
931 2121 1003 2153 Tibi
1032 2124 1164 2156 relictae
1191 2125 1287 2160 filiae.

165 2185 197 2218 3.
225 2186 382 2219 Parentes
409 2189 508 2222 verbo
536 2192 672 2234 gratiae,
868 2199 899 2230 6.
928 2198 992 2230 Sed
1019 2202 1202 2240 geminatur
1227 2206 1391 2248 gaudium,

225 2235 310 2274 Quos
337 2238 503 2270 veneraris
531 2239 638 2279 hodie,
927 2247 1003 2278 Nati
1031 2255 1165 2289 surgunt
1192 2261 1251 2291 pro
1276 2256 1436 2295 patribus,

224 2282 300 2315 Tibi
327 2289 403 2316 sunt
429 2295 526 2319 causa
551 2289 674 2329 gloriae
924 2295 1018 2328 Felix
1046 2299 1132 2330 redit
1158 2302 1348 2341 martyrium

221 2331 265 2363 Et
291 2332 368 2365 fidei
393 2334 568 2374 primitiae.
925 2343 1108 2378 Succedens
1136 2347 1383 2385 confessoribus.

573 2415 604 2448 7.
631 2416 718 2449 Laus
746 2419 833 2460 patri
860 2420 902 2451 sit
927 2421 1080 2463 ingenito.

236 2487 324 2514 Brev.
347 2489 516 2525 Upsalense
538 2492 608 2528 imp.
634 2491 716 2522 1483.
758 2495 876 2524 Daraus
898 2498 1068 2537 Klemming
1090 2502 1113 2534 1,
1137 2500 1200 2530 175.
