1653 2656
392 915 445 946 10.

391 1146 445 1177 11.

389 1612 444 1643 13.

385 1844 439 1878 14.

385 2074 439 2105 15.

383 2303 439 2335 16.

673 126 932 160 —153-

444 244 451 252 .
480 219 586 252 Febre
612 226 779 263 correptos
806 224 958 264 variaque
984 229 1086 265 peste,

478 268 507 300 E
532 269 647 309 quibus
674 275 808 311 possunt
834 281 1003 305 numerare
1033 274 1130 313 mille,

479 317 515 348 In
543 322 660 350 statum
685 320 825 360 priscum
853 322 1016 353 revocavit
1042 322 1113 362 ipsa

571 366 677 399 Corde
703 377 828 402 sereno,

443 478 448 483 .
477 451 527 482 De
553 452 669 492 quibus
696 454 802 485 nullus
828 455 947 495 typhus
975 455 1056 487 hanc
1083 457 1195 495 adivit,

477 499 522 532 Ut
548 501 731 541 superbiret
758 503 862 542 patris
888 504 991 535 instar
1017 505 1111 537 Adae

477 548 596 590 Angeli
623 558 746 581 necnon
773 556 904 583 satanae
932 552 1077 584 docentis

557 597 671 629 Omnia
698 608 808 639 prava.

443 711 449 716 .
477 683 540 715 Sed
569 693 642 716 suos
669 688 791 716 tantum
819 688 993 718 maceravit
1021 692 1119 725 artus,

476 731 537 763 Vix
566 736 599 763 ut
628 733 709 764 lianc
736 734 833 765 vitam
862 740 989 774 gereret
1017 736 1183 771 caducam,

475 779 570 812 Mens
596 785 631 812 ut
658 787 799 813 exstaret
827 783 955 814 humilis
975 784 1034 815 sub
1059 785 1138 824 ipsis

554 829 692 861 Actibus
719 831 822 862 almis.

475 915 551 947 Post
579 925 668 946 suam
695 922 829 947 mortem
857 919 1005 948 meritum
1034 928 1093 958 per
1118 920 1185 950 eius

474 963 584 994 Turba
611 964 799 1004 languentes
827 970 972 997 recreata
1001 966 1104 1000 fulsit.

473 1010 556 1042 Dum
585 1012 634 1042 sui
661 1012 802 1043 tumbam
830 1014 937 1053 tetigit
963 1015 1104 1053 sepulcri

552 1059 662 1090 Mente
690 1060 790 1093 fideli.

475 1145 609 1178 Calculo
635 1146 730 1177 tritus
758 1148 961 1187 moriensque
987 1148 1116 1187 quidam

476 1194 593 1225 Vectus
621 1197 668 1225 est
695 1195 773 1226 illuc
800 1195 936 1226 aliorum
964 1196 1059 1235 ulnis,

471 1242 524 1274 Ad
552 1242 681 1273 domum
708 1252 805 1274 sanus
832 1244 996 1283 propriam
1026 1244 1143 1275 redivit

549 1291 787 1330 Tripudiando.

439 1403 446 1410 .
473 1378 625 1418 Quisquis
652 1378 783 1409 advenit
812 1378 938 1419 patiens
966 1380 1147 1411 immundos

476 1426 620 1466 Spiritus
647 1427 725 1457 illuc
752 1425 813 1458 fuit
840 1431 871 1458 et
900 1433 1053 1465 moratus,

472 1474 633 1511 Vidimus,
662 1484 774 1515 sospes
799 1475 895 1506 rediit
923 1476 1008 1516 quod
1037 1476 1112 1508 inde

550 1523 797 1556 Daemoniacus,

474 1611 572 1651 Virgo
598 1616 798 1651 quapropter
825 1612 963 1652 petimus
990 1613 1119 1653 pudica,

470 1659 515 1692 Ut
541 1660 605 1691 tuis
633 1660 725 1691 nobis
753 1661 905 1700 precibus
932 1661 1069 1692 salutem

471 1709 500 1740 A
527 1708 598 1740 Deo
624 1717 739 1748 poscas
765 1709 864 1741 tribui
892 1718 1078 1749 perennem.

548 1757 606 1789 Cui
634 1757 795 1797 placuisti.

469 1844 606 1884 Insuper
631 1849 739 1876 rectae
766 1844 841 1877 fidei
870 1845 1011 1886 vigorem

470 1893 618 1933 Perpetis
645 1902 769 1925 necnon
797 1894 942 1926 caritatis
968 1894 1104 1926 imbrem

442 1933 445 1938 ¹
469 1943 518 1974 Ac
544 1942 638 1973 simul
665 1943 735 1982 spei
761 1942 883 1975 tribuat
909 1943 1063 1977 valorem.

547 1991 647 2023 Posce
674 1994 851 2023 tonantem.

467 2073 543 2106 Ulla
569 2082 609 2104 ne
636 2073 728 2107 nobis
755 2077 852 2114 queat
878 2074 1038 2114 impedire

468 2121 573 2154 Caeca
599 2122 794 2154 convolvens
821 2122 973 2154 tenebras
1000 2127 1144 2162 potestas

467 2171 556 2210 Ignis
582 2171 707 2202 aeterni
734 2171 797 2202 sibi
826 2171 998 2211 deputatas

544 2219 640 2252 Orbis
668 2219 708 2251 ab
735 2224 819 2252 ortu.

467 2301 612 2341 Angelus
639 2302 735 2335 nobis
762 2301 870 2341 potius
897 2301 955 2332 sed
981 2302 1060 2333 assit

466 2349 676 2391 Splendidus,
704 2354 887 2381 monstrans
914 2349 1069 2389 habitata,
1097 2351 1201 2382 sancti

465 2398 554 2438 Quae
579 2398 646 2430 suis
673 2396 770 2431 factis
796 2406 943 2430 meruere
970 2399 1076 2439 dignis

542 2446 579 2478 In
605 2447 772 2487 paradiso.
