1653 2656
672 156 719 162 —
767 135 837 171 298

151 245 182 274 5.
210 239 424 274 Conturbatus
450 246 524 268 casu
549 236 661 267 mortis

255 287 391 320 Ursinus
417 292 480 317 tam
506 284 639 324 subitae,

211 336 272 368 Sed
300 335 330 365 in
357 334 420 365 tide
447 332 565 365 Christi
591 330 683 363 fortis

258 383 349 414 Licet
375 381 494 420 absque
520 380 634 411 comite

214 430 386 463 Patefactis
412 428 500 460 urbis
525 427 626 467 portis

271 477 404 509 Intravit
430 476 577 507 sollicite.

836 234 868 265 6.
895 230 1006 264 Gloria
1033 232 1065 260 et
1085 228 1188 260 honor
1212 226 1282 258 Deo

944 278 1117 318 Usquequo
1142 273 1310 315 altissimo,

896 327 968 360 Una
993 325 1079 366 patri
1104 322 1245 363 filioque,

943 373 1059 406 Inclito
1086 371 1253 412 paraclito,

897 422 955 455 Cui
980 422 1050 453 laus
1077 423 1125 452 est
1148 423 1180 450 et
1205 420 1349 460 potestas

945 471 1008 503 Per
1032 469 1187 500 immensa
1211 465 1350 498 saecula.

226 565 310 591 Brev.
334 562 514 588 Bituricense
536 561 604 594 imp.
627 558 793 586 Lemovicis
818 553 898 583 1512.

593 700 661 731 503.
704 699 745 729 De
767 699 873 728 sancto
896 696 1015 728 Ursino.

664 775 704 801 In
732 773 937 801 Laudibus,

150 876 180 908 1.
205 874 408 906 Exsultemus
435 876 465 903 et
485 873 639 903 laetemur
828 871 861 900 4.

252 921 386 961 Organis
413 919 625 957 cantantibus,

204 968 444 1008 Congaudentes
471 967 668 1007 gratulemur

255 1017 370 1049 Ursino
397 1025 465 1046 cum
492 1014 640 1045 laudibus

208 1065 249 1096 Et
276 1068 471 1095 constantem
499 1063 695 1093 admiremur

255 1113 346 1144 Hunc
372 1112 404 1142 in
430 1111 495 1141 suis
521 1109 658 1140 casibus.

151 1199 182 1231 2.
211 1197 373 1228 Christum
401 1196 493 1226 docet
518 1193 717 1226 adorandum
833 1195 863 1224 5.

255 1245 313 1283 Qui
339 1244 417 1274 vivit
443 1252 500 1282 per
525 1243 669 1281 saecula3

208 1293 262 1323 Ad
291 1292 440 1323 Ursinum
466 1288 752 1328 blasphemandum

258 1339 367 1371 Currit
395 1347 469 1378 gens
494 1337 669 1377 incredula,

209 1387 312 1419 Canes
338 1386 379 1417 ad
406 1386 488 1416 hunc
514 1384 714 1424 effugandum

258 1434 429 1465 Solvuntur
452 1443 470 1464 a
497 1433 618 1471 copula.

152 1522 182 1553 3.
209 1520 237 1550 A
264 1518 408 1558 gentibus
435 1517 501 1548 fere
528 1526 656 1557 pressus
834 1517 865 1548 6.

259 1566 354 1607 Fugit
380 1566 431 1596 hic
458 1565 657 1605 perterritus,

212 1614 275 1645 Sed
301 1614 342 1644 ad
369 1613 477 1644 urbem
503 1618 549 1643 est
576 1621 739 1651 regressus

260 1662 311 1692 Ad
339 1661 441 1700 angeli
470 1661 616 1701 monitus,

213 1709 334 1741 Christi
361 1718 486 1739 servum
514 1717 547 1738 se
574 1706 737 1747 professus

260 1757 354 1796 Legis
382 1757 473 1787 docet
498 1756 615 1787 aditus

229 1841 311 1868 BreV.
334 1841 515 1867 Bituricense
537 1840 605 1874 imp.
628 1839 793 1865 Lemovicis
819 1837 901 1865 1512.
923 1855 959 1858 —
982 1838 1010 1869 1,
1033 1837 1051 1865 3
1073 1838 1308 1874 Congaudernus.
1329 1854 1365 1858 --
1390 1838 1402 1866 l

888 867 939 899 Ab
966 875 1074 898 errore
1100 868 1270 896 revocatae

937 915 1053 946 Sancto
1080 912 1320 953 praedicamine

890 963 1013 994 Multae
1039 966 1149 1003 gentes
1175 960 1352 999 inspiratae

939 1010 1054 1042 Divino
1083 1008 1269 1048 spiramine,

890 1059 953 1090 Per
980 1058 1130 1090 Ursinum
1157 1056 1339 1096 baptizatae

940 1106 1017 1137 Sunt
1044 1105 1077 1136 in
1104 1104 1223 1136 Christi
1247 1103 1384 1135 nomine.

892 1193 943 1224 Ab
970 1199 1078 1222 errore
1105 1193 1254 1220 revocato

940 1240 1022 1271 Fere
1049 1242 1162 1269 cuncto
1186 1237 1316 1277 populo,

894 1288 968 1326 Ipso
995 1295 1068 1325 rege
1095 1285 1257 1324 baptizato

942 1334 1019 1366 Cum
1046 1334 1151 1364 lusore
1177 1332 1320 1372 parvulo,

892 1383 994 1415 Cursu
1022 1382 1105 1412 vitae
1131 1384 1348 1412 consummato

941 1429 1093 1469 Migravit
1119 1438 1134 1459 a
1163 1428 1301 1461 saeculo.

895 1515 1005 1547 Gloria
1031 1519 1063 1545 et.
1088 1515 1189 1546 honor
1215 1514 1284 1546 Deo

942 1563 1114 1602 Usquequo
1141 1562 1309 1602 altissimo,

895 1612 965 1644 Una
993 1611 1077 1650 patri
1104 1610 1231 1649 filioque

944 1659 1058 1690 Inclito
1085 1659 1252 1698 paraclito,

897 1707 955 1738 (fui
981 1707 1051 1738 laus
1078 1710 1125 1737 est
1152 1711 1182 1736 et
1208 1709 1351 1746 potestas

944 1755 1005 1787 Per
1030 1755 1185 1785 immensa
1210 1754 1347 1786 saecula.

153 1880 338 1906 admirantes.
360 1893 391 1898 -—
418 1876 445 1909 3,
467 1876 484 1905 3
506 1882 549 1905 est
570 1886 713 1904 reversus.
734 1892 770 1895 —
791 1876 817 1904 4.
842 1877 854 1904 1
878 1881 1041 1904 revocatus.
1063 1892 1098 1896 —
1119 1877 1146 1904 4.
1169 1875 1186 1903 3
1209 1878 1381 1913 inspirante.

596 2018 664 2048 50⁴.
707 2019 747 2048 De
768 2020 878 2048 sancta
902 2018 1019 2050 Ursino.

658 2093 698 2119 In
721 2091 747 2119 2.
779 2093 966 2128 Vesperis.

156 2193 186 2224 1.
212 2191 266 2223 Ad
292 2191 444 2222 honorem
471 2190 646 2222 Salvatoris
839 2192 871 2222 2.

262 2239 412 2270 Laetetur
438 2238 570 2279 Bituria,

212 2287 333 2327 Pangat
359 2287 460 2318 sancti
486 2285 696 2317 confesssoris

260 2335 370 2368 Ursini
395 2335 574 2374 praeconia,

214 2384 276 2415 Per
301 2391 393 2422 quem
420 2383 547 2422 gentilis
574 2382 691 2414 erroris

262 2431 404 2463 Recessit
432 2431 596 2471 spurcitia.

899 2190 1079 2222 Nathauael
1106 2192 1287 2224 nominatus

949 2238 1020 2270 Non
1047 2239 1194 2271 inunctus
1223 2240 1404 2283 chrismate,

900 2287 975 2319 Post
1003 2288 1140 2320 Ursinus
1167 2292 1215 2320 est
1243 2294 1372 2321 vocatus

947 2336 1122 2375 Assumpto
1148 2336 1351 2379 baptismate,

902 2383 1021 2415 Christi
1049 2385 1155 2416 verbis
1178 2389 1348 2418 attestatus

950 2432 1052 2464 Verus
1079 2433 1198 2474 absque
1225 2434 1408 2469 schismate.

1413 1859 1419 1871 ,
1448 1838 1466 1865 5
