1653 2656
777 154 942 190 —227
997 176 1035 181 —

477 243 508 276 6.
536 243 622 277 Laus
649 246 718 280 Deo
743 251 828 289 patri
854 254 1034 297 genitoque,
1062 257 1156 289 simul

535 292 670 332 Spiritui
698 302 808 330 sancto
834 300 877 331 sit
901 302 1004 335 honor
1029 306 1190 346 perennis,

533 341 593 381 Qui
618 343 686 382 poli
712 355 835 379 summa
860 350 983 383 residet
1007 352 1040 383 in
1066 354 1139 387 aula

644 391 762 426 Trinus
789 399 820 426 et
843 406 935 429 unus.

313 473 398 502 Brev.
421 475 633 509 Ebredunense
656 483 724 518 iinp.
748 486 886 521 Lugduni
912 487 994 517 1520.

575 662 640 694 378.
682 665 724 695 De
746 674 770 696 s,
795 667 979 700 Marcellino
1000 670 1230 705 Ebreduncnsi.

744 727 793 754 Ad
821 729 1057 758 Matutinum.

480 806 509 837 1.
538 805 651 838 Noctis
678 812 829 842 aeternae
855 812 997 845 tenebris
1025 815 1157 848 eductos

534 854 601 886 Nos
629 856 847 901 Marcellinus,
877 863 1007 899 praesul
1035 863 1214 904 Ebreduni,

533 902 657 942 Traxit,
687 905 762 936 dum
787 913 914 939 nostros
941 914 1051 949 patres
1075 912 1115 943 ab
1141 922 1249 946 errore

633 951 737 985 Solvit
764 955 907 995 antiquo.

474 1042 506 1073 2.
536 1042 594 1081 Qui
624 1044 697 1074 dum
725 1047 853 1084 gentilis
881 1050 1016 1080 conviva
1044 1049 1160 1083 ferocis

528 1090 629 1122 Foret
654 1093 831 1135 cuiusdam,
858 1096 900 1126 ad
927 1096 1024 1128 fidem
1052 1101 1212 1131 convertit

527 1138 632 1176 Hunc,
662 1140 736 1172 dum
765 1144 895 1174 contriti
923 1146 1032 1177 calicis
1060 1148 1192 1179 fissuras

629 1188 725 1220 Videt
751 1191 845 1223 uniri.

466 1279 498 1310 3.
526 1278 630 1310 Huius
658 1280 791 1313 obtentu
819 1284 964 1323 corporis
991 1285 1115 1318 obsessi

524 1327 672 1360 Membra
699 1330 852 1370 relinquit
879 1332 1069 1366 daemonum
1096 1345 1262 1377 pressura,

523 1375 613 1414 Quod
637 1377 828 1410 Marcellino
856 1381 972 1421 capitis
1001 1383 1161 1416 laesuram

626 1426 731 1458 Ferox
758 1428 894 1461 tulisset.

461 1517 492 1547 4.
521 1515 621 1547 Rivus
648 1518 765 1550 omisso
792 1520 901 1552 nativo
930 1521 1067 1554 decursu

519 1564 614 1596 Cedit
637 1569 817 1599 tumescens
844 1570 964 1609 populo
992 1572 1150 1615 credenti,

518 1612 636 1644 Pastor
662 1615 737 1646 dum
764 1617 867 1648 crucis
894 1619 1031 1650 sublime
1058 1621 1211 1653 vexillum

620 1663 787 1696 Promeret
814 1665 940 1701 dextra.

457 1754 488 1786 5.
517 1753 598 1785 Tota
624 1764 697 1786 mox
724 1765 786 1787 uno
813 1758 976 1790 clauditur
1000 1760 1077 1791 ovili

517 1802 760 1836 Ebredunensis
787 1806 879 1846 plebs
905 1807 1014 1840 dicata
1040 1808 1170 1841 Christo

518 1850 679 1891 Preceque
705 1853 770 1893 iugi
796 1864 830 1886 se
857 1857 997 1895 pastoris
1022 1858 1099 1889 almi

616 1900 744 1933 Gaudet
769 1904 864 1936 tueri.

453 1993 484 2026 6,
512 1992 634 2024 Demus
660 2004 744 2026 nunc
770 2005 879 2028 omnes
907 1997 1044 2030 Domino
1070 2003 1232 2040 precatus,

512 2041 558 2074 Ut
584 2043 682 2074 maris
709 2044 803 2076 huius
829 2043 979 2078 fiuctibus
1007 2047 1102 2078 eiecti

511 2090 676 2123 Possimus
701 2093 832 2124 tandem
860 2095 1046 2135 contingere
1074 2096 1152 2127 laeti

616 2140 747 2173 Portum
775 2142 900 2175 salutis

512 2231 597 2263 Laus
623 2233 693 2265 Deo
719 2234 805 2273 patri
832 2234 1015 2277 genitoque,
1044 2236 1139 2268 simul

509 2279 645 2319 Spiritui
671 2286 784 2314 sancto
810 2283 852 2314 sit
878 2283 982 2315 honor
1007 2286 1170 2324 perennis,

507 2328 567 2368 Qui
594 2329 663 2368 poli
689 2339 813 2362 summa
839 2331 962 2363 residet
987 2333 1020 2364 in
1046 2333 1121 2366 aula

609 2377 728 2410 Trinus
755 2383 787 2410 et
812 2389 904 2413 unus.

451 2231 481 2264 >¹

277 2472 364 2500 Brev.
385 2473 600 2502 Ebredunense
621 2475 691 2512 imp.
713 2476 851 2514 Lugduni
875 2475 959 2506 1520.

1307 2529 1341 2558 15
1353 2530 1366 2545 *
